02RETORNO01COBRANCA       041300648601        CLEAN AMB SERV COL TRANSP LTDA341BANCO ITAU S.A.01121701600BPI01802011217                                                                                                                                                                                                                                                                                   000001
10205539814000112041300648601        CLEAN AMBIENTAL          00003740            109000037407             I04011217000000374000003740            04121700000000162893412897715000000000000000000000000000000000000000000000000000000000000000000000000000000000000000000000000000000000000000000000         00000000000000000000000FELIPE DE OLIVEIRA NOGUEIRA 15                                        000002
10205539814000112041300648601        CLEAN AMBIENTAL          00004054            109000040542             I04011217000000405400004054            06121700000000959573412897715000000000000000000000000000000000000000000000000000000000000000000000000000000000000000000000000000000000000000000000         00000000000000000000000LA MOLE SERVICOS DE ALIMENTACA                                        000003
10205539814000112041300648601        CLEAN AMBIENTAL          00004207            109000042076             I04011217000000420700004207            04121700000000374023412897715000000000000000000000000000000000000000000000000000000000000000000000000000000000000000000000000000000000000000000000         00000000000000000000000BAR E RESTAURANTE ARCO-IRIS DO                                        000004
10205539814000112041300648601        CLEAN AMBIENTAL          00004208            109000042084             I04011217000000420800004208            04121700000000311703412897715000000000000000000000000000000000000000000000000000000000000000000000000000000000000000000000000000000000000000000000         00000000000000000000000CAFE E BAR ESMORIZENSE LTDA -                                         000005
10205539814000112041300648601        CLEAN AMBIENTAL          00005307            109000053073             I04011217000000530700005307            04121700000000352853412897715000000000000000000000000000000000000000000000000000000000000000000000000000000000000000000000000000000000000000000000         00000000000000000000000PIZZARIA 170 DA VOLUNTARIOS LT                                        000006
10205539814000112041300648601        CLEAN AMBIENTAL          00005348            109000053487             I04011217000000534800005348            04121700000002797423412897715000000000000000000000000000000000000000000000000000000000000000000000000000000000000000000000000000000000000000000000         00000000000000000000000PASTA & BASTA ALIMENTOS LTDA                                          000007
10205539814000112041300648601        CLEAN AMBIENTAL          00005477            109000054774             I04011217000000547700005477            01121700000000267993412897715000000000000000000000000000000000000000000000000000000000000000000000000000000000000000000000000000000000000000000000         00000000000000000000000BANCO BRADESCO S.A.                                                   000008
10205539814000112041300648601        CLEAN AMBIENTAL          00005511            109000055110             I04011217000000551100005511            04121700000001149743412897715000000000000000000000000000000000000000000000000000000000000000000000000000000000000000000000000000000000000000000000         00000000000000000000000COPACAPRICCIOSA ALIMENTOS LTDA                                        000009
10205539814000112041300648601        CLEAN AMBIENTAL          00005783            109000057835             I04011217000000578300005783            01121700000000302893412897715000000000000000000000000000000000000000000000000000000000000000000000000000000000000000000000000000000000000000000000         00000000000000000000000AL FORNO RESTARANTE E PIZZARIA                                        000010
10205539814000112041300648601        CLEAN AMBIENTAL          00006075            109000060755             I04011217000000607500006075            01121700000000484293412897715000000000000000000000000000000000000000000000000000000000000000000000000000000000000000000000000000000000000000000000         00000000000000000000000SANTA BRASA E SALADA RESTAURAN                                        000011
10205539814000112041300648601        CLEAN AMBIENTAL          00006405            109000064054             I04011217000000640500006405            04121700000000726053412897715000000000000000000000000000000000000000000000000000000000000000000000000000000000000000000000000000000000000000000000         00000000000000000000000A3D COMUNICACAO VISUAL EIRELI                                         000012
10205539814000112041300648601        CLEAN AMBIENTAL          00007783            109000077833             I04011217000000778300007783            05121700000001544213412897715000000000000000000000000000000000000000000000000000000000000000000000000000000000000000000000000000000000000000000000         00000000000000000000000CENTRO DE ENSINO MONTESQUIEU L                                        000013
10205539814000112041300648601        CLEAN AMBIENTAL          00008063            109000080639             I04011217000000806300008063            01121700000000268163412897715000000000000000000000000000000000000000000000000000000000000000000000000000000000000000000000000000000000000000000000         00000000000000000000000VIA 19 GOURMET LTDA                                                   000014
10205539814000112041300648601        CLEAN AMBIENTAL          00008092            109000080928             I04011217000000809200008092            04121700000002239853412897715000000000000000000000000000000000000000000000000000000000000000000000000000000000000000000000000000000000000000000000         00000000000000000000000JH BAR E RESTAURANTE LTDA                                             000015
10205539814000112041300648601        CLEAN AMBIENTAL          00008137            109000081371             I04011217000000813700008137            01121700000000190533412897715000000000000000000000000000000000000000000000000000000000000000000000000000000000000000000000000000000000000000000000         00000000000000000000000J & M PEIXARIA LTDA - ME                                              000016
10205539814000112041300648601        CLEAN AMBIENTAL          00008276            109000082767             I04011217000000827600008276            05121700000000162893412897715000000000000000000000000000000000000000000000000000000000000000000000000000000000000000000000000000000000000000000000         00000000000000000000000FELIPE DE OLIVEIRA NOGUEIRA 15                                        000017
10205539814000112041300648601        CLEAN AMBIENTAL          00008303            109000083039             I04011217000000830300008303            04121700000000578843412897715000000000000000000000000000000000000000000000000000000000000000000000000000000000000000000000000000000000000000000000         00000000000000000000000ELITE DO CHURRASCO E RESTAURAN                                        000018
10205539814000112041300648601        CLEAN AMBIENTAL          00008607            109000086073             I04011217000000860700008607            08121700000000971553412897715000000000000000000000000000000000000000000000000000000000000000000000000000000000000000000000000000000000000000000000         00000000000000000000000LA MOLE SERVICOS DE ALIMENTACA                                        000019
10205539814000112041300648601        CLEAN AMBIENTAL          00008831            109000088319             I04011217000000883100008831            04121700000000215193412897715000000000000000000000000000000000000000000000000000000000000000000000000000000000000000000000000000000000000000000000         00000000000000000000000PASTELARIA MARAVILHA DE CAMPO                                         000020
10205539814000112041300648601        CLEAN AMBIENTAL          00008854            109000088541             I04011217000000885400008854            01121700000000234053412897715000000000000000000000000000000000000000000000000000000000000000000000000000000000000000000000000000000000000000000000         00000000000000000000000MITRA ARQUIEPISCOPAL DO RIO DE                                        000021
10205539814000112041300648601        CLEAN AMBIENTAL          00008982            109000089820             I04011217000000898200008982            04121700000000221643412897715000000000000000000000000000000000000000000000000000000000000000000000000000000000000000000000000000000000000000000000         00000000000000000000000BAR E RESTAURANTE ARCO-IRIS DO                                        000022
10205539814000112041300648601        CLEAN AMBIENTAL          00008983            109000089838             I04011217000000898300008983            04121700000000198353412897715000000000000000000000000000000000000000000000000000000000000000000000000000000000000000000000000000000000000000000000         00000000000000000000000CAFE E BAR ESMORIZENSE LTDA -                                         000023
10205539814000112041300648601        CLEAN AMBIENTAL          00009157            109000091578             I04011217000000915700009157            01121700000000579913412897715000000000000000000000000000000000000000000000000000000000000000000000000000000000000000000000000000000000000000000000         00000000000000000000000BANCO BRADESCO S/A                                                    000024
10205539814000112041300648601        CLEAN AMBIENTAL          00009502            109000095025             I04011217000000950200009502            05121700000000866473412897715000000000000000000000000000000000000000000000000000000000000000000000000000000000000000000000000000000000000000000000         00000000000000000000000CENTRO DE ENSINO VOLTAIRE LTDA                                        000025
10205539814000112041300648601        CLEAN AMBIENTAL          00009632            109000096320             I04011217000000963200009632            05121700000000445933412897715000000000000000000000000000000000000000000000000000000000000000000000000000000000000000000000000000000000000000000000         00000000000000000000000LITTLE BOSS COMERCIO DE ALIMEN                                        000026
10205539814000112041300648601        CLEAN AMBIENTAL          00009659            109000096593             I04011217000000965900009659            01121700000000426053412897715000000000000000000000000000000000000000000000000000000000000000000000000000000000000000000000000000000000000000000000         00000000000000000000000DIZ FERRAMENTARIA E ESTAMPARIA                                        000027
10205539814000112041300648601        CLEAN AMBIENTAL          00009720            109000097203             I04011217000000972000009720            04121700000000427973412897715000000000000000000000000000000000000000000000000000000000000000000000000000000000000000000000000000000000000000000000         00000000000000000000000GOLDEX BAR E RESTAURANTE LTDA                                         000028
10205539814000112041300648601        CLEAN AMBIENTAL          00009956            109000099563             I04011217000000995600009956            04121700000000380913412897715000000000000000000000000000000000000000000000000000000000000000000000000000000000000000000000000000000000000000000000         00000000000000000000000PIZZARIA 170 DA VOLUNTARIOS LT                                        000029
10205539814000112041300648601        CLEAN AMBIENTAL          00009998            109000099985             I04011217000000999800009998            11121700000002797423412897715000000000000000000000000000000000000000000000000000000000000000000000000000000000000000000000000000000000000000000000         00000000000000000000000PASTA & BASTA ALIMENTOS LTDA                                          000030
10205539814000112041300648601        CLEAN AMBIENTAL          00010142            109000101427             I04011217000001014200010142            01121700000000267993412897715000000000000000000000000000000000000000000000000000000000000000000000000000000000000000000000000000000000000000000000         00000000000000000000000BANCO BRADESCO S.A.                                                   000031
10205539814000112041300648601        CLEAN AMBIENTAL          00010184            109000101849             I04011217000001018400010184            11121700000001229213412897715000000000000000000000000000000000000000000000000000000000000000000000000000000000000000000000000000000000000000000000         00000000000000000000000COPACAPRICCIOSA ALIMENTOS LTDA                                        000032
10205539814000112041300648601        CLEAN AMBIENTAL          00010305            109000103050             I04011217000001030500010305            04121700000000299743412897715000000000000000000000000000000000000000000000000000000000000000000000000000000000000000000000000000000000000000000000         00000000000000000000000CAFE E BAR LICEU                                                      000033
10205539814000112041300648601        CLEAN AMBIENTAL          00010409            109000104090             I04011217000001040900010409            05121700000000435793412897715000000000000000000000000000000000000000000000000000000000000000000000000000000000000000000000000000000000000000000000         00000000000000000000000SOCIEDADE EDUCACIONAL A PASSOS                                        000034
10205539814000112041300648601        CLEAN AMBIENTAL          00010439            109000104397             I04011217000001043900010439            06121700000000336323412897715000000000000000000000000000000000000000000000000000000000000000000000000000000000000000000000000000000000000000000000         00000000000000000000000CONDOMINIO DO EDIFICIO COPA TR                                        000035
10205539814000112041300648601        CLEAN AMBIENTAL          00010474            109000104744             I04011217000001047400010474            01121700000000302893412897715000000000000000000000000000000000000000000000000000000000000000000000000000000000000000000000000000000000000000000000         00000000000000000000000AL FORNO RESTARANTE E PIZZARIA                                        000036
10205539814000112041300648601        CLEAN AMBIENTAL          00010797            109000107978             I04011217000001079700010797            01121700000000556043412897715000000000000000000000000000000000000000000000000000000000000000000000000000000000000000000000000000000000000000000000         00000000000000000000000SANTA BRASA E SALADA RESTAURAN                                        000037
10205539814000112041300648601        CLEAN AMBIENTAL          00010829            109000108299             I04011217000001082900010829            01121700000000300003412897715000000000000000000000000000000000000000000000000000000000000000000000000000000000000000000000000000000000000000000000         00000000000000000000000BANCO BRADESCO S.A.                                                   000038
10205539814000112041300648601        CLEAN AMBIENTAL          00010848            109000108489             I04011217000001084800010848            04121700000000247103412897715000000000000000000000000000000000000000000000000000000000000000000000000000000000000000000000000000000000000000000000         00000000000000000000000BETH BAR LTDA - ME                                                    000039
10205539814000112041300648601        CLEAN AMBIENTAL          00010978            109000109784             I04011217000001097800010978            04121700000000659213412897715000000000000000000000000000000000000000000000000000000000000000000000000000000000000000000000000000000000000000000000         00000000000000000000000ABE COMERCIO DE ALIMENTOS E BE                                        000040
10205539814000112041300648601        CLEAN AMBIENTAL          00011067            109000110675             I04011217000001106700011067            04121700000002842113412897715000000000000000000000000000000000000000000000000000000000000000000000000000000000000000000000000000000000000000000000         00000000000000000000000COMISSARIA AEREA RIO DE JANEIR                                        000041
10205539814000112041300648601        CLEAN AMBIENTAL          00011142            109000111426             I04011217000001114200011142            05121700000000673423412897715000000000000000000000000000000000000000000000000000000000000000000000000000000000000000000000000000000000000000000000         00000000000000000000000A3D COMUNICACAO VISUAL EIRELI                                         000042
10205539814000112041300648601        CLEAN AMBIENTAL          00011283            109000112838             I04011217000001128300011283            04121700000000313163412897715000000000000000000000000000000000000000000000000000000000000000000000000000000000000000000000000000000000000000000000         00000000000000000000000RESTAURANTE E PIZZARIA DON\ AN                                        000043
10205539814000112041300648601        CLEAN AMBIENTAL          00011358            109000113588             I04011217000001135800011358            04121700000000228423412897715000000000000000000000000000000000000000000000000000000000000000000000000000000000000000000000000000000000000000000000         00000000000000000000000INSULANO DA RIBEIRA RESTAURANT                                        000044
10205539814000112041300648601        CLEAN AMBIENTAL          00011498            109000114982             I04011217000001149800011498            12121700000000602633412897715000000000000000000000000000000000000000000000000000000000000068160000000000000000000000000000000000000000000000000000         00000000000000000000000PFR BOUTIQUE COMERCIO DE CARNE                                        000045
10205539814000112041300648601        CLEAN AMBIENTAL          00011749            109000117498             I04011217000001174900011749            08121700000000270793412897715000000000000000000000000000000000000000000000000000000000000000000000000000000000000000000000000000000000000000000000         00000000000000000000000VENERAVEL E ARQ ORDEM 3 DE N S                                        000046
10205539814000112041300648601        CLEAN AMBIENTAL          00001320            109000013200             I06011217000000132000001320            01121700000001789343419926715000000000016600000000000000000000000000000000000000000000000000000000000000000000000017876800000000000000000000000000   01121700000000000000000000000CONDOMINIO DO EDIFICIO PLAZA O                                      CP000047
10205539814000112041300648601        CLEAN AMBIENTAL          00003684            109000036847             I06011217000000368400003684            29111700000000537170334717515000000000016600000000000000000000000000000000000000000000000000000000000000000000000005390500000000003540000000000000   01121700000000000000000000000LA SAGRADA FAMILIA COMERCIO DE                                      B3000048
10205539814000112041300648601        CLEAN AMBIENTAL          00003716            109000037167             I06011217000000371600003716            01121700000000352372370583515000000000016600000000000000000000000000000000000000000000000000000000000000000000000003507100000000000000000000000000   01121700000000000000000000000BANCO BRADESCO S.A.                                                 B1000049
10205539814000112041300648601        CLEAN AMBIENTAL          00003978            109000039783             I06011217000000397800003978            27101700000002170263419160315000000000016600000000000000000000000000000000000000000000000000000000000000000000000024192000000000250600000000000000   01121700000000000000000000000FUNDICAO DE ARTES E PROGRESSO                                       CP000050
10205539814000112041300648601        CLEAN AMBIENTAL          00004601            109000046010             I06011217000000460100004601            21111700000000753423412901715000000000016600000000000000000000000000000000000000000000000000000000000000000000000007765600000000024800000000000000   01121700000000000000000000000CDR - CLINICA DE DOENCAS RENAI                                      CK000051
10205539814000112041300648601        CLEAN AMBIENTAL          00005830            109000058304             I06011217          00005830            00000000000000218860410335015000000000016600000000000000000000000000000000000000000000000000000000000000000000000002172000000000000000000000000000   01121700000000000000000000000                                                                    B2000052
10205539814000112041300648601        CLEAN AMBIENTAL          00005898            109000058981             I06011217000000589800005898            24101700000000282893418465715000000000016600000000000000000000000000000000000000000000000000000000000000000000000003165700000000035340000000000000   01121700000000000000000000000CONFEITARIA E LANCHONETE BELLA                                      CP000053
10205539814000112041300648601        CLEAN AMBIENTAL          00006075            109000060755             I06011217000000607500006075            01121700000000484293411185815000000000016600000000000000000000000000000000000000000000000000000000000000000000000004826300000000000000000000000000   01121700000000000000000000000SANTA BRASA E SALADA RESTAURAN                                      Q0000054
10205539814000112041300648601        CLEAN AMBIENTAL          00006153            109000061530             I06011217000000615300006153            26101700000000204793414895915000000000016600000000000000000000000000000000000000000000000000000000000000000000000002272500000000024120000000000000   01121700000000000000000000000RESTAURANTE E BAR SIROCO LTDA                                       CP000055
10205539814000112041300648601        CLEAN AMBIENTAL          00006337            109000063379             I06011217000000633700006337            04121700000000391583418372515000000000016600000000000000000000000000000000000000000000000000000000000000000000000003899200000000000000000000000000   01121700000000000000000000000CONDOMINIO DO EDIFICIO CENTRO                                       CK000056
10205539814000112041300648601        CLEAN AMBIENTAL          00006399            109000063999             I06011217000000639900006399            05111700000000364750330773215000000000016600000000000000000000000000000000000000000000000000000000000000000000000003942900000000031200000000000000   01121700000000000000000000000REPUBLICA DA CANCELA RESTAURAN                                      B7000057
10205539814000112041300648601        CLEAN AMBIENTAL          00006405            109000064054             I06011217000000640500006405            04121700000000726053410407715000000000016600000000000000000000000000000000000000000000000000000000000000000000000007243900000000000000000000000000   01121700000000000000000000000A3D COMUNICACAO VISUAL EIRELI                                       CP000058
10205539814000112041300648601        CLEAN AMBIENTAL          00006450            109000064500             I06011217000000645000006450            30101700000000686352370551215000000000016600000000000000000000000000000000000000000000000000000000000000000000000007571700000000072480000000000000   01121700000000000000000000000CONFEITARIA KURT LTDA - EPP                                         B1000059
10205539814000112041300648601        CLEAN AMBIENTAL          00006459            109000064591             I06011217000000645900006459            10111700000000636580019012615000000000016600000000000000000000000000000000000000000000000000000000000000000000000006769300000000042010000000000000   01121700000000000000000000000POSTO DE ABASTECIMENTO SOL DA                                       B1000060
10205539814000112041300648601        CLEAN AMBIENTAL          00007545            109000075456             I06011217000000754500007545            02111700000000508412372539515000000000016600000000000000000000000000000000000000000000000000000000000000000000000005276100000000020860000000000000   01121700000000000000000000000LEUZINGER & ELARRAT INSTITUTO                                       B3000061
10205539814000112041300648601        CLEAN AMBIENTAL          00007770            109000077700             I06011217000000777000007770            03111700000000459601041343315000000000016600000000000000000000000000000000000000000000000000000000000000000000000005004100000000042470000000000000   01121700000000000000000000000RESTAURANTE DONNA ANITINHA LTD                                      B2000062
10205539814000112041300648601        CLEAN AMBIENTAL          00008063            109000080639             I06011217000000806300008063            01121700000000268160333843015000000000016600000000000000000000000000000000000000000000000000000000000000000000000002665000000000000000000000000000   01121700000000000000000000000VIA 19 GOURMET LTDA                                                 B3000063
10205539814000112041300648601        CLEAN AMBIENTAL          00008242            109000082429             I06011217000000824200008242            01121700000000352372370583515000000000016600000000000000000000000000000000000000000000000000000000000000000000000003507100000000000000000000000000   01121700000000000000000000000BANCO BRADESCO S.A.                                                 B1000064
10205539814000112041300648601        CLEAN AMBIENTAL          00008263            109000082635             I06011217000000826300008263            08111700000000228680332079215000000000016600000000000000000000000000000000000000000000000000000000000006203000000001649900000000000000000000000000   01121700000000000000000000000RMS - LANCHES LTDA. - ME                                            B3000065
10205539814000112041300648601        CLEAN AMBIENTAL          00008339            109000083393             I06011217000000833900008339            09111700000000320793410302015000000000016600000000000000000000000000000000000000000000000000000000000000000000000003424500000000023320000000000000   01121700000000000000000000000MESTRE SALA ALIMENTACAO LTDA M                                      CP000066
10205539814000112041300648601        CLEAN AMBIENTAL          00008815            109000088152             I06011217000000881500008815            11111700000000585842371791315000000000016600000000000000000000000000000000000000000000000000000000000000000000000006209100000000036730000000000000   01121700000000000000000000000RESTAURANTE E BAR ISOLA DOURO                                       B1000067
10205539814000112041300648601        CLEAN AMBIENTAL          00008854            109000088541             I06011217000000885400008854            01121700000000234051040233715000000000016600000000000000000000000000000000000000000000000000000000000000000000000002323900000000000000000000000000   01121700000000000000000000000MITRA ARQUIEPISCOPAL DO RIO DE                                      B5000068
10205539814000112041300648601        CLEAN AMBIENTAL          00008859            109000088590             I06011217000000885900008859            01121700000000157113410477015000000000016600000000000000000000000000000000000000000000000000000000000000000000000001554500000000000000000000000000   01121700000000000000000000000CONDOMINIO DO EDIFICIO NATAL                                        CK000069
10205539814000112041300648601        CLEAN AMBIENTAL          00008895            109000088954             I06011217000000889500008895            01121700000000141841040201415000000000016600000000000000000000000000000000000000000000000000000000000000000000000001401800000000000000000000000000   01121700000000000000000000000PASTELARIA FORMOSA DO GRAJAU L                                      B5000070
10205539814000112041300648601        CLEAN AMBIENTAL          00009135            109000091354             I06011217000000913500009135            30111700000000233833410733615000000000016600000000000000000000000000000000000000000000000000000000000000000000000002329400000000000770000000000000   01121700000000000000000000000LANCHONETE E PIZZARIA 40 GRAUS                                      CP000071
10205539814000112041300648601        CLEAN AMBIENTAL          00009140            109000091404             I06011217000000914000009140            17111700000000581953417040915000000000016600000000000000000000000000000000000000000000000000000000000000000000000006071700000000026880000000000000   01121700000000000000000000000SHEIKINAH RESTAURANTE LTDA                                          CP000072
10205539814000112041300648601        CLEAN AMBIENTAL          00009202            109000092022             I06011217000000920200009202            17111700000001517633416289315000000000016600000000000000000000000000000000000000000000000000000000000000000000000015860800000000070110000000000000   01121700000000000000000000000ARMARINHO 25 DE AGOSTO LTDA                                         CP000073
10205539814000112041300648601                                 00009233            109000092337             I06011217          00009233            000000000000002870134103079  000000000016600000000000000000000000000000000000000000000000000000000000000000000000002853500000000000000000000000000   01121700000000000000000000000                                                                    CP000074
10205539814000112041300648601        CLEAN AMBIENTAL          00009315            109000093152             I06011217000000931500009315            17111700000000312262373204515000000000016600000000000000000000000000000000000000000000000000000000000000000000000003250200000000014420000000000000   01121700000000000000000000000BAR ATALAIA LTDA - ME                                               B3000075
10205539814000112041300648601        CLEAN AMBIENTAL          00009484            109000094846             I06011217000000948400009484            01121700000001509223418561315000000000016600000000000000000000000000000000000000000000000000000000000000000000000015075600000000000000000000000000   01121700000000000000000000000HOTEL AMERICAS BARRA LTDA                                           CK000076
10205539814000112041300648601        CLEAN AMBIENTAL          00009524            109000095249             I06011217000000952400009524            01121700000000143952372916515000000000016600000000000000000000000000000000000000000000000000000000000000000000000001422900000000000000000000000000   01121700000000000000000000000PASTELARIA IMPERIAL LTDA - ME                                       B1000077
10205539814000112041300648601        CLEAN AMBIENTAL          00009540            109000095405             I06011217000000954000009540            14111700000000374471042955315000000000016600000000000000000000000000000000000000000000000000000000000000000000000003937200000000020910000000000000   01121700000000000000000000000PENSAO CASA AZUL DE CAMPO GRAN                                      B3000078
10205539814000112041300648601        CLEAN AMBIENTAL          00009867            109000098672             I06011217000000986700009867            17111700000000270002372773015000000000016600000000000000000000000000000000000000000000000000000000000000000000000002808100000000012470000000000000   01121700000000000000000000000TATIANE CRISTINE B DA S SA LAN                                      B3000079
10205539814000112041300648601        CLEAN AMBIENTAL          00009993            109000099936             I06011217000000999300009993            18111700000000298681040573615000000000016600000000000000000000000000000000000000000000000000000000000000000000000003088500000000011830000000000000   01121700000000000000000000000HB3 FRANQUIA DE ALIMENTOS LTDA                                      B3000080
10205539814000112041300648601        CLEAN AMBIENTAL          00010120            109000101203             I06011217000001012000010120            01121700000000600000333838015000000000016600000000000000000000000000000000000000000000000000000000000000000000000005983400000000000000000000000000   01121700000000000000000000000RESTAURANTE LAVRADIO 126 EPP E                                      B3000081
10205539814000112041300648601        CLEAN AMBIENTAL          00010177            109000101773             I06011217000001017700010177            25111700000000268283410684115000000000016600000000000000000000000000000000000000000000000000000000000000000000000002719000000000005280000000000000   01121700000000000000000000000RAMOS ASCENCAO & CIA LTDA M E                                       CP000082
10205539814000112041300648601        CLEAN AMBIENTAL          00010224            109000102243             I06011217000001022400010224            21111700000000387111042264015000000000016600000000000000000000000000000000000000000000000000000000000000000000000003969500000000011500000000000000   01121700000000000000000000000HORTIFRUTI LIDER DO MEIER LTDA                                      B5000083
10205539814000112041300648601        CLEAN AMBIENTAL          00010250            109000102508             I06011217000001025000010250            30111700000000262893415645715000000000016600000000000000000000000000000000000000000000000000000000000000000000000002620900000000000860000000000000   01121700000000000000000000000BAMBINA'S MAR PIZZARIA LTDA -                                       CP000084
10205539814000112041300648601        CLEAN AMBIENTAL          00010263            109000102631             I06011217000001026300010263            01121700000000226053410477015000000000016600000000000000000000000000000000000000000000000000000000000000000000000002243900000000000000000000000000   01121700000000000000000000000CONDOMINIO EDIFICIO ACRE                                            CK000085
10205539814000112041300648601        CLEAN AMBIENTAL          00010265            109000102656             I06011217000001026500010265            01121700000000195531043111215000000000016600000000000000000000000000000000000000000000000000000000000000000000000001938700000000000000000000000000   01121700000000000000000000000NEI DE OLIVEIRA 37525069700                                         B5000086
10205539814000112041300648601        CLEAN AMBIENTAL          00010323            109000103233             I06011217000001032300010323            27111700000000764003410769015000000000016600000000000000000000000000000000000000000000000000000000000000000000000007724200000000010080000000000000   01121700000000000000000000000TIO SAM PRODUTOS ALIMENTICIOS                                       CP000087
10205539814000112041300648601        CLEAN AMBIENTAL          00010365            109000103654             I06011217000001036500010365            30111700000000215532373023915000000000016600000000000000000000000000000000000000000000000000000000000000000000000002145800000000000710000000000000   01121700000000000000000000000MEAT LEBLON BAR E LANCHONETE L                                      B3000088
10205539814000112041300648601        CLEAN AMBIENTAL          00010480            109000104801             I06011217000001048000010480            04121700000000766881044063415000000000016600000000000000000000000000000000000000000000000000000000000000000000000007652200000000000000000000000000   01121700000000000000000000000MINI MERCADO TIROL DE JACAREPA                                      B1000089
10205539814000112041300648601        CLEAN AMBIENTAL          00010512            109000105121             I06011217000001051200010512            01121700000000126322372916515000000000016600000000000000000000000000000000000000000000000000000000000000000000000001246600000000000000000000000000   01121700000000000000000000000RESTAURANTE SPAZIO GOURMET LTD                                      B1000090
10205539814000112041300648601        CLEAN AMBIENTAL          00010515            109000105154             I06011217000001051500010515            23111700000000536842372743315000000000016600000000000000000000000000000000000000000000000000000000000000000000000005475800000000012400000000000000   01121700000000000000000000000MASM COPA BAR E DISCOTECA EIRE                                      B3000091
10205539814000112041300648601        CLEAN AMBIENTAL          00010524            109000105246             I06011217000001052400010524            23111700000000136683410413515000000000016600000000000000000000000000000000000000000000000000000000000000000000000001381800000000003160000000000000   01121700000000000000000000000AGAPE IMPERIAL SALAO DE BELEZA                                      CP000092
10205539814000112041300648601        CLEAN AMBIENTAL          00010538            109000105386             I06011217000001053800010538            01121700000000734210333161715000000000016600000000000000000000000000000000000000000000000000000000000000000000000007325500000000000000000000000000   01121700000000000000000000000CAFE E BAR NOVA TIRADENTES LIM                                      B3000093
10205539814000112041300648601                                 00010617            109000106178             I06011217          00010617            000000000000002198023708276  000000000016600000000000000000000000000000000000000000000000000000000000000000000000002181400000000000000000000000000   01121700000000000000000000000                                                                    B3000094
10205539814000112041300648601        CLEAN AMBIENTAL          00010653            109000106533             I06011217000001065300010653            25111700000000339471042264015000000000016600000000000000000000000000000000000000000000000000000000000000000000000003434100000000005600000000000000   01121700000000000000000000000HORTIFRUTI BOA SORTE DO MEIER                                       B5000095
10205539814000112041300648601        CLEAN AMBIENTAL          00010656            109000106566             I06011217000001065600010656            25111700000000330861042264015000000000016600000000000000000000000000000000000000000000000000000000000000000000000003346600000000005460000000000000   01121700000000000000000000000MEMGAL HORTIFRUTI LTDA                                              B5000096
10205539814000112041300648601        CLEAN AMBIENTAL          00010657            109000106574             I06011217000001065700010657            25111700000000330861042264015000000000016600000000000000000000000000000000000000000000000000000000000000000000000003346600000000005460000000000000   01121700000000000000000000000HORTIFRUTI MORANGO DO MEIER LT                                      B5000097
10205539814000112041300648601        CLEAN AMBIENTAL          00010698            109000106988             I06011217000001069800010698            25111700000000115532372539515000000000016600000000000000000000000000000000000000000000000000000000000000000000000001157800000000001910000000000000   01121700000000000000000000000BAR E CANTINA TRIUNFANTE LTDA                                       B3000098
10205539814000112041300648601        CLEAN AMBIENTAL          00010706            109000107069             I06011217000001070600010706            01121700000000270260334677115000000000016600000000000000000000000000000000000000000000000000000000000000000000000002686000000000000000000000000000   01121700000000000000000000000CAFE E BAR FAMILIA FERNANDES L                                      B3000099
10205539814000112041300648601        CLEAN AMBIENTAL          00010796            109000107960             I06011217000001079600010796            30111700000000431063419108215000000000016600000000000000000000000000000000000000000000000000000000000000000000000004308200000000001420000000000000   01121700000000000000000000000EMPORIO LUSITANO LTDA-ME                                            CP000100
10205539814000112041300648601        CLEAN AMBIENTAL          00010797            109000107978             I06011217000001079700010797            01121700000000556043411185815000000000016600000000000000000000000000000000000000000000000000000000000000000000000005543800000000000000000000000000   01121700000000000000000000000SANTA BRASA E SALADA RESTAURAN                                      Q0000101
10205539814000112041300648601        CLEAN AMBIENTAL          00010843            109000108430             I06011217000001084300010843            01121700000000277843410357415000000000016600000000000000000000000000000000000000000000000000000000000000000000000002761800000000000000000000000000   01121700000000000000000000000CAFE E BAR VILA MORENA LTDA -                                       CP000102
10205539814000112041300648601        CLEAN AMBIENTAL          00010873            109000108737             I06011217000001087300010873            01121700000000582932372379615000000000016600000000000000000000000000000000000000000000000000000000000000000000000005812700000000000000000000000000   01121700000000000000000000000RESTAURANTE CANARINHO DO VALQU                                      B2000103
10205539814000112041300648601        CLEAN AMBIENTAL          00010936            109000109362             I06011217000001093600010936            27111700000000194473418112515000000000016600000000000000000000000000000000000000000000000000000000000000000000000001953700000000002560000000000000   01121700000000000000000000000UNI DUNI TE BUFFET INFANTIL LT                                      CP000104
10205539814000112041300648601        CLEAN AMBIENTAL          00010993            109000109933             I06011217000001099300010993            28111700000000371133417534115000000000016600000000000000000000000000000000000000000000000000000000000000000000000003731300000000003660000000000000   01121700000000000000000000000COMERCIO DE ALIMENTOS E BEBIDA                                      CP000105
10205539814000112041300648601        CLEAN AMBIENTAL          00011062            109000110626             I06011217000001106200011062            28111700000000188163410408515000000000016600000000000000000000000000000000000000000000000000000000000000000000000001865000000000000000000000000000   01121700000000000000000000000BAR E RESTAURANTE PETISCO DA B                                      CP000106
10205539814000112041300648601        CLEAN AMBIENTAL          00011064            109000110642             I06011217000001106400011064            04121700000000506583418372515000000000016600000000000000000000000000000000000000000000000000000000000000000000000005049200000000000000000000000000   01121700000000000000000000000CONDOMINIO DO EDIFICIO CENTRO                                       CK000107
10205539814000112041300648601        CLEAN AMBIENTAL          00011072            109000110725             I06011217000001107200011072            28111700000000374740011769915000000000016600000000000000000000000000000000000000000000000000000000000000000000000003755500000000002470000000000000   01121700000000000000000000000CONDOMINIO DO EDIFICIO SATURNI                                      B3000108
10205539814000112041300648601        CLEAN AMBIENTAL          00011089            109000110899             I06011217000001108900011089            01121700000000898802373397715000000000016600000000000000000000000000000000000000000000000000000000000000000000000008971400000000000000000000000000   01121700000000000000000000000MULTILIXO REMOCOES DE LIXO SS                                       B3000109
10205539814000112041300648601        CLEAN AMBIENTAL          00011105            109000111053             I06011217000001110500011105            29111700000000712330333728315000000000016600000000000000000000000000000000000000000000000000000000000000000000000007130200000000002350000000000000   01121700000000000000000000000PURO RESTAURANTE                                                    B7000110
10205539814000112041300648601        CLEAN AMBIENTAL          00011142            109000111426             I06011217000001114200011142            05121700000000673423410407715000000000016600000000000000000000000000000000000000000000000000000000000000000000000006717600000000000000000000000000   01121700000000000000000000000A3D COMUNICACAO VISUAL EIRELI                                       CP000111
10205539814000112041300648601        CLEAN AMBIENTAL          00011155            109000111558             I06011217000001115500011155            29111700000000200793419229615000000000016600000000000000000000000000000000000000000000000000000000000000000000000002004500000000001320000000000000   01121700000000000000000000000BAR E RESTAURANTE ALFA LTDA -                                       CP000112
10205539814000112041300648601        CLEAN AMBIENTAL          00011172            109000111723             I06011217000001117200011172            29111700000000221683411672515000000000016600000000000000000000000000000000000000000000000000000000000000000000000002214800000000001460000000000000   01121700000000000000000000000COPACAKE LTDA - ME                                                  CP000113
10205539814000112041300648601        CLEAN AMBIENTAL          00011176            109000111764             I06011217000001117600011176            01121700000000625002371631115000000000016600000000000000000000000000000000000000000000000000000000000000000000000006233400000000000000000000000000   01121700000000000000000000000PANIFICACAO SANTA MARTA LTDA                                        B3000114
10205539814000112041300648601        CLEAN AMBIENTAL          00011178            109000111780             I06011217000001117800011178            01121700000000409630330977915000000000016600000000000000000000000000000000000000000000000000000000000000000000000004079700000000000000000000000000   01121700000000000000000000000PADARIA E PANIFICACAO TIJUCA E                                      B3000115
10205539814000112041300648601        CLEAN AMBIENTAL          00011180            109000111806             I06011217000001118000011180            01121700000003117993411185815000000000016600000000000000000000000000000000000000000000000000000000000000000000000031163300000000000000000000000000   01121700000000000000000000000THE UNION CHURCH OF RIO DE JAN                                      Q0000116
10205539814000112041300648601        CLEAN AMBIENTAL          00011185            109000111855             I06011217000001118500011185            01121700000000676772373369615000000000016600000000000000000000000000000000000000000000000000000000000000000000000006751100000000000000000000000000   01121700000000000000000000000MEMORIAL SAUDE LTDA                                                 B3000117
10205539814000112041300648601        CLEAN AMBIENTAL          00011186            109000111863             I06011217000001118600011186            01121700000000265472377095315000000000016600000000000000000000000000000000000000000000000000000000000000000000000002638100000000000000000000000000   01121700000000000000000000000CLINICA DE TRAUMATOLOGIA E ORT                                      B1000118
10205539814000112041300648601        CLEAN AMBIENTAL          00011200            109000112002             I06011217000001120000011200            01121700000000620793410272515000000000016600000000000000000000000000000000000000000000000000000000000000000000000006191300000000000000000000000000   01121700000000000000000000000UMUMA COMERCIO DE ALIMENTOS                                         CP000119
10205539814000112041300648601        CLEAN AMBIENTAL          00011202            109000112028             I06011217000001120200011202            01121700000000231243416137415000000000016600000000000000000000000000000000000000000000000000000000000000000000000002295800000000000000000000000000   01121700000000000000000000000COMARTE LANCHONETE LTDA                                             CP000120
10205539814000112041300648601        CLEAN AMBIENTAL          00011203            109000112036             I06011217000001120300011203            01121700000001351582377114215000000000016600000000000000000000000000000000000000000000000000000000000000000000000013499200000000000000000000000000   01121700000000000000000000000FRANCISCO RAMOS ALIMENTOS LTDA                                      B1000121
10205539814000112041300648601        CLEAN AMBIENTAL          00011204            109000112044             I06011217000001120400011204            01121700000000704212377114215000000000016600000000000000000000000000000000000000000000000000000000000000000000000007025500000000000000000000000000   01121700000000000000000000000FIORINO BAR E RESTAURANTE LTDA                                      B1000122
10205539814000112041300648601        CLEAN AMBIENTAL          00011205            109000112051             I06011217000001120500011205            01121700000000821052377114215000000000016600000000000000000000000000000000000000000000000000000000000000000000000008193900000000000000000000000000   01121700000000000000000000000ALIMENTOS MARIA ALEIXO LTDA                                         B1000123
10205539814000112041300648601        CLEAN AMBIENTAL          00011207            109000112077             I06011217000001120700011207            01121700000000478683410571015000000000016600000000000000000000000000000000000000000000000000000000000000000000000004770200000000000000000000000000   01121700000000000000000000000JHLC - PROSPER REFEICOES LTDA                                       CP000124
10205539814000112041300648601        CLEAN AMBIENTAL          00011211            109000112119             I06011217000001121100011211            01121700000000291923412972815000000000016600000000000000000000000000000000000000000000000000000000000000000000000002902600000000000000000000000000   01121700000000000000000000000AFILIO S/A                                                          CK000125
10205539814000112041300648601        CLEAN AMBIENTAL          00011212            109000112127             I06011217000001121200011212            01121700000001662682370582715000000000016600000000000000000000000000000000000000000000000000000000000000000000000016610200000000000000000000000000   01121700000000000000000000000RESTAURANTE PRP GOURMET LTDA M                                      B3000126
10205539814000112041300648601        CLEAN AMBIENTAL          00011215            109000112150             I06011217000001121500011215            01121700000001249740333900815000000000016600000000000000000000000000000000000000000000000000000000000000000000000012480800000000000000000000000000   01121700000000000000000000000CIRCULO MILITAR DA PRAIA VERME                                      B7000127
10205539814000112041300648601        CLEAN AMBIENTAL          00011220            109000112200             I06011217000001122000011220            01121700000000505002376570615000000000016600000000000000000000000000000000000000000000000000000000000000000000000005033400000000000000000000000000   01121700000000000000000000000EC JAPONES RESTAURANTE LTDA                                         B3000128
10205539814000112041300648601        CLEAN AMBIENTAL          00011221            109000112218             I06011217000001122100011221            01121700000000578980010102415000000000016600000000000000000000000000000000000000000000000000000000000000000000000005773200000000000000000000000000   01121700000000000000000000000SABENAUTO COMERCIO DE VEICULOS                                      B3000129
10205539814000112041300648601        CLEAN AMBIENTAL          00011222            109000112226             I06011217000001122200011222            01121700000000476983411526315000000000016600000000000000000000000000000000000000000000000000000000000000000000000004753200000000000000000000000000   01121700000000000000000000000CAFE E BAR CINCO VALPORTO LTDA                                      CP000130
10205539814000112041300648601        CLEAN AMBIENTAL          00011233            109000112333             I06011217000001123300011233            01121700000000317113410304615000000000016600000000000000000000000000000000000000000000000000000000000000000000000003154500000000000000000000000000   01121700000000000000000000000EDIFICIO COPACABANA EXECUTIVE                                       CK000131
10205539814000112041300648601        CLEAN AMBIENTAL          00011241            109000112416             I06011217000001124100011241            01121700000000739913418327915000000000016600000000000000000000000000000000000000000000000000000000000000000000000007382500000000000000000000000000   01121700000000000000000000000SUSHI DO REI RESTAURANTE - EIR                                      CK000132
10205539814000112041300648601        CLEAN AMBIENTAL          00011242            109000112424             I06011217000001124200011242            01121700000000215533418460815000000000016600000000000000000000000000000000000000000000000000000000000001053000000002033400000000000000000000000000   01121700000000000000000000000TOCA DO PASTEL DA TIA LTDA - E                                      CK000133
10205539814000112041300648601        CLEAN AMBIENTAL          00011243            109000112432             I06011217000001124300011243            01121700000000205003418460815000000000016600000000000000000000000000000000000000000000000000000000000000000000000002033400000000000000000000000000   01121700000000000000000000000RJG RESTAURANTE E BAR LTDA - E                                      CK000134
10205539814000112041300648601        CLEAN AMBIENTAL          00011256            109000112564             I06011217000001125600011256            01121700000000249742371444915000000000016600000000000000000000000000000000000000000000000000000000000000000000000002480800000000000000000000000000   01121700000000000000000000000CANTINA QUINTAL CARIOCA LTDA -                                      B3000135
10205539814000112041300648601        CLEAN AMBIENTAL          00011259            109000112598             I06011217000001125900011259            01121700000000194473417953315000000000016600000000000000000000000000000000000000000000000000000000000000000000000001928100000000000000000000000000   01121700000000000000000000000CENTRO EDUCACIONAL RANGEL CONS                                      CP000136
10205539814000112041300648601        CLEAN AMBIENTAL          00011261            109000112614             I06011217000001126100011261            01121700000000797112373369615000000000016600000000000000000000000000000000000000000000000000000000000000000000000007954500000000000000000000000000   01121700000000000000000000000CONDOMINIO DO EDIFICIO WAFA                                         B7000137
10205539814000112041300648601        CLEAN AMBIENTAL          00011262            109000112622             I06011217000001126200011262            01121700000000215533410358215000000000016600000000000000000000000000000000000000000000000000000000000000000000000002138700000000000000000000000000   01121700000000000000000000000J. PAIVA DE CAMPO GRANDE VIDRO                                      CP000138
10205539814000112041300648601        CLEAN AMBIENTAL          00011266            109000112663             I06011217000001126600011266            01121700000000868162370468915000000000016600000000000000000000000000000000000000000000000000000000000000000000000008665000000000000000000000000000   01121700000000000000000000000EDIFICIO SANTO AFONSO                                               B3000139
10205539814000112041300648601        CLEAN AMBIENTAL          00011282            109000112820             I06011217000001128200011282            01121700000000163473418422815000000000016600000000000000000000000000000000000000000000000000000000000000000000000001618100000000000000000000000000   01121700000000000000000000000MRH VEICULOS LTDA                                                   CK000140
10205539814000112041300648601        CLEAN AMBIENTAL          00011291            109000112911             I06011217000001129100011291            01121700000000374470013519615000000000016600000000000000000000000000000000000000000000000000000000000000000000000003728100000000000000000000000000   01121700000000000000000000000BOLO CASEIRO LANCHONETE LTDA                                        B3000141
10205539814000112041300648601        CLEAN AMBIENTAL          00011310            109000113109             I06011217000001131000011310            01121700000001288002372773015000000000016600000000000000000000000000000000000000000000000000000000000000000000000012863400000000000000000000000000   01121700000000000000000000000CONDOMINIO EDIFICIO ATAULFO CO                                      B7000142
10205539814000112041300648601        CLEAN AMBIENTAL          00011311            109000113117             I06011217000001131100011311            01121700000000355080010087715000000000016600000000000000000000000000000000000000000000000000000000000000000000000003534200000000000000000000000000   01121700000000000000000000000BAR NOVA ESPERANCA LTDA                                             B2000143
10205539814000112041300648601        CLEAN AMBIENTAL          00011319            109000113190             I06011217000001131900011319            05121700000000697342370551215000000000016600000000000000000000000000000000000000000000000000000000000000000000000006956800000000000000000000000000   01121700000000000000000000000CONFEITARIA KURT LTDA - EPP                                         B1000144
10205539814000112041300648601        CLEAN AMBIENTAL          00011337            109000113372             I06011217000001133700011337            30111700000001465432377073015000000000016600000000000000000000000000000000000000000000000000000000000000000000000014686100000000004840000000000000   01121700000000000000000000000CRUZEIRO DO SUL MERCADO LTDA                                        B3000145
10205539814000112041300648601        CLEAN AMBIENTAL          00011464            109000114644             I06011217000001146400011464            02121700000000675372372915715000000000016600000000000000000000000000000000000000000000000000000000000000000000000006737100000000000000000000000000   01121700000000000000000000000EMPRESA S JOSE DE COM PART E E                                      B3000146
10205539814000112041300648601        CLEAN AMBIENTAL          00011476            109000114768             I06011217000001147600011476            02121700000000320790333370415000000000016600000000000000000000000000000000000000000000000000000000000000000000000003191300000000000000000000000000   01121700000000000000000000000O ALEPH PATOLOGIA CIRURGICA E                                       B3000147
10205539814000112041300648601        CLEAN AMBIENTAL          00011492            109000114925             I06011217000001149200011492            02121700000000386583418309715000000000016600000000000000000000000000000000000000000000000000000000000000000000000003849200000000000000000000000000   01121700000000000000000000000CONDOMINIO DO EDIFICIO PRESIDE                                      CP000148
10205539814000112041300648601        CLEAN AMBIENTAL          00011526            109000115260             I06011217000001152600011526            04121700000000396320334104615000000000016600000000000000000000000000000000000000000000000000000000000000000000000003946600000000000000000000000000   01121700000000000000000000000LANCHES OPUS LTDA                                                   B3000149
10205539814000112041300648601        CLEAN AMBIENTAL          00011590            109000115906             I06011217000001159000011590            03121700000000610683418561315000000000016600000000000000000000000000000000000000000000000000000000000000000000000006090200000000000000000000000000   01121700000000000000000000000MR FESTAS LTDA                                                      CP000150
10205539814000112041300648601        CLEAN AMBIENTAL          00011601            109000116011             I06011217000001160100011601            08121700000000257523418372515000000000016600000000000000000000000000000000000000000000000000000000000000000000000002558600000000000000000000000000   01121700000000000000000000000PASTELARIA  GUANG DONG LTDA                                         CP000151
10205539814000112041300648601        CLEAN AMBIENTAL          00011610            109000116102             I06011217000001161000011610            03121700000000524602373184915000000000016600000000000000000000000000000000000000000000000000000000000000000000000005229400000000000000000000000000   01121700000000000000000000000FRUTALHA 2003 COMERCIO DE FRUT                                      B1000152
10205539814000112041300648601        CLEAN AMBIENTAL          00011650            109000116508             I06011217000001165000011650            03121700000000470262370135415000000000016600000000000000000000000000000000000000000000000000000000000000000000000004686000000000000000000000000000   01121700000000000000000000000CONDOMINIO DO EDIFICIO FRANCIL                                      B7000153
10205539814000112041300648601        CLEAN AMBIENTAL          00011657            109000116573             I06011217000001165700011657            03121700000000225943411526315000000000016600000000000000000000000000000000000000000000000000000000000000000000000002242800000000000000000000000000   01121700000000000000000000000PADARIA E CONF CENTRAL DE MARE                                      CP000154
10205539814000112041300648601        CLEAN AMBIENTAL          00011665            109000116656             I06011217000001166500011665            03121700000000312893419926715000000000016600000000000000000000000000000000000000000000000000000000000000000000000003112300000000000000000000000000   01121700000000000000000000000CONDOMINIO DO EDIFICIO COMERCI                                      CP000155
10205539814000112041300648601        CLEAN AMBIENTAL          00011897            109000118975             I06011217000001189700011897            07121700000000328420331053815000000000016600000000000000000000000000000000000000000000000000000000000000000000000003267600000000000000000000000000   01121700000000000000000000000SABOR TFI COMERCIO DE PRODUTOS                                      B3000156
10205539814000112041300648601        CLEAN AMBIENTAL          00011903            109000119031             I06011217000001190300011903            07121700000000377360333462915000000000016600000000000000000000000000000000000000000000000000000000000000000000000003757000000000000000000000000000   01121700000000000000000000000RESTAURANTE EPICENTRO LTDA - M                                      B2000157
10205539814000112041300648601                                 00011983            109000119833             I06011217          00011983            000000000000014363323710751  000000000016600000000000000000000000000000000000000000000000000000000000000000000000014346700000000000000000000000000   01121700000000000000000000000                                                                    B3000158
10205539814000112041300648601                                 00012071            109000120716             I06011217          00012071            000000000000013930023710751  000000000016600000000000000000000000000000000000000000000000000000000000000000000000013913400000000000000000000000000   01121700000000000000000000000                                                                    B3000159
10205539814000112041300648601                                 00012118            109000121185             I06011217          00012118            000000000000003207923705835  000000000016600000000000000000000000000000000000000000000000000000000000000000000000003191300000000000000000000000000   01121700000000000000000000000                                                                    B1000160
10205539814000112041300648601                                 00012134            109000121342             I06011217          00012134            000000000000005260534170409  000000000016600000000000000000000000000000000000000000000000000000000000000000000000005243900000000000000000000000000   01121700000000000000000000000                                                                    CP000161
10205539814000112041300648601                                 00012178            109000121789             I06011217          00012178            000000000000013713234103111  000000000016600000000000000000000000000000000000000000000000000000000000000000000000013696600000000000000000000000000   01121700000000000000000000000                                                                    CP000162
10205539814000112041300648601        CLEAN AMBIENTAL          00003581            109000035815             I09011217000000358100003581            07101700000000919233417788315000000000016600000000000000000000000000000000000000000000000000000000000000000000000000016600000000000000000000000000         00000000000000000000000LCB CONFECCOES EIRELI                                                 000163
10205539814000112041300648601        CLEAN AMBIENTAL          00003584            109000035849             I09011217000000358400003584            07101700000000660663417788315000000000016600000000000000000000000000000000000000000000000000000000000000000000000000016600000000000000000000000000         00000000000000000000000MESTILO CAFE P. RESTAURANTE LT                                        000164
10205539814000112041300648601        CLEAN AMBIENTAL          00003590            109000035906             I09011217000000359000003590            07101700000001295113417788315000000000016600000000000000000000000000000000000000000000000000000000000000000000000000016600000000000000000000000000         00000000000000000000000RSV - TT BURGER ALIMENTOS LTDA                                        000165
10205539814000112041300648601        CLEAN AMBIENTAL          00003610            109000036102             I09011217000000361000003610            07101700000000178953417788315000000000016600000000000000000000000000000000000000000000000000000000000000000000000000016600000000000000000000000000         00000000000000000000000AGOSTINHA DA S RODRIGUES HORTI                                        000166
10205539814000112041300648601        CLEAN AMBIENTAL          00003631            109000036318             I09011217000000363100003631            07101700000000347113417788315000000000016600000000000000000000000000000000000000000000000000000000000000000000000000016600000000000000000000000000         00000000000000000000000GALEAO 634 RESTAURANTE LTDA -                                         000167
10205539814000112041300648601        CLEAN AMBIENTAL          00003654            109000036540             I09011217000000365400003654            07101700000000404213417788315000000000016600000000000000000000000000000000000000000000000000000000000000000000000000016600000000000000000000000000         00000000000000000000000BRAMEX COMERCIO E SERVICOS LTD                                        000168
10205539814000112041300648601                                 47048904            156470489048             I0201121711575     47048904            041217000000001578934128977  000000000000000000000000000000000000000000000000000000000000000000000000000000000000000000000000000000000000000000000         00000000000000000000000BD3 BAR E RESTAURANTE EIRELI                                          000169
10205539814000112041300648601                                 09799820            157097998205             I02011217023942/59 09799820            021217000000004680134128977  000000000000000000000000000000000000000000000000000000000000000000000000000000000000000000000000000000000000000000000         00000000000000000000000MARAVILHA DA RIBEIRA MERCEARIA                                        000170
10205539814000112041300648601                                 09801196            157098011966             I02011217023942/61 09801196            061217000000004938934128977  000000000000000000000000000000000000000000000000000000000000000000000000000000000000000000000000000000000000000000000         00000000000000000000000MARAVILHA DA RIBEIRA MERCEARIA                                        000171
10205539814000112041300648601                                 09824961            157098249616             I02011217096992    09824961            041217000000004286334128977  000000000000000000000000000000000000000000000000000000000000000000000000000000000000000000000000000000000000000000000         00000000000000000000000CONDOMINIO DO EDIFICIO GOLDEN                                         000172
10205539814000112041300648601                                 09925038            157099250381             I02011217096483    09925038            011217000000006357934128977  000000000000000000000000000000000000000000000000000000000000000000000000000000000000000000000000000000000000000000000         00000000000000000000000AMERICAS PAO PADARIA E CONFEIT                                        000173
10205539814000112041300648601                                 10033287            157100332871             I02011217092882    10033287            051217000000004736734128977  000000000000000000000000000000000000000000000000000000000000000000000000000000000000000000000000000000000000000000000         00000000000000000000000VIA MADUREIRA COMERCIO DE DOCE                                        000174
10205539814000112041300648601                                 08480256            157084802568             I06011217096615    08480256            281117000000001178923712765  000000000000000000000000000000000000000000000000000000000000000000000000000000000000001190600000000001170000000000000   01121700000000000000000000000SINDICATO DOS DESPACHANTES ADU                                      B3000175
10205539814000112041300648601                                 09054702            157090547025             I06011217086155/12 09054702            011217000000003702623766902  000000000000000000000000000000000000000000000000000000000000000000000000000000000000003702600000000000000000000000000   01121700000000000000000000000RESTAURANTE LANCHONETE E PIZZA                                      B2000176
10205539814000112041300648601                                 09315808            157093158085             I06011217100830/2  09315808            011217000000006892134185555  000000000000000000000000000000000000000000000000000000000000000000000000000000000000006892100000000000000000000000000   01121700000000000000000000000E & A RJ BAR LANCHONETE E REST                                      CP000177
10205539814000112041300648601                                 09318974            157093189742             I06011217100831/2  09318974            011217000000007684203331617  000000000000000000000000000000000000000000000000000000000000000000000000000000000000007684200000000000000000000000000   01121700000000000000000000000CAFE E BAR NOVA TIRADENTES LIM                                      B3000178
9201341          000000000000000000000000000000          000000000000000000000000000000                                                  000000000000000000000000000000          0000250700000182801490  01/12S018020000017700000010216298                                                                                                                                                                000179
