02RETORNO01COBRANCA       041300648601        CLEAN AMB SERV COL TRANSP LTDA341BANCO ITAU S.A.01021801600BPI01844010218                                                                                                                                                                                                                                                                                   000001
10205539814000112041300648601        CLEAN AMBIENTAL          00011816            109000118165             I04010218000001181600011816            01021800000002176323412897715000000000000000000000000000000000000000000000000000000000000000000000000000000000000000000000000000000000000000000000         00000000000000000000000CONDOMINIO DO EDIFICIO TOP CEN                                        000002
10205539814000112041300648601        CLEAN AMBIENTAL          00012605            109000126051             I04010218000001260500012605            01021800000000868423412897715000000000000000000000000000000000000000000000000000000000000005000000000000000000000000000000000000000000000000000000         00000000000000000000000SGS ENVIRON LTDA                                                      000003
10205539814000112041300648601        CLEAN AMBIENTAL          00013191            109000131911             I04010218000001319100013191            05021800000000240793412897715000000000000000000000000000000000000000000000000000000000000000000000000000000000000000000000000000000000000000000000         00000000000000000000000GALETERIA E CHOPERIA SANTO GAL                                        000004
10205539814000112041300648601        CLEAN AMBIENTAL          00014724            109000147248             I04010218000001472400014724            05021800000002201753412897715000000000000000000000000000000000000000000000000000000000000000000000000000000000000000000000000000000000000000000000         00000000000000000000000TRES PLUS ASSESSORIA DE MARKET                                        000005
10205539814000112041300648601        CLEAN AMBIENTAL          00015291            109000152917             I04010218000001529100015291            01021800000000249263412897715000000000000000000000000000000000000000000000000000000000000000000000000000000000000000000000000000000000000000000000         00000000000000000000000PANIFICACAO SANTA MARGARIDA                                           000006
10205539814000112041300648601        CLEAN AMBIENTAL          00016103            109000161033             I04010218000001610300016103            05021800000000139843412897715000000000000000000000000000000000000000000000000000000000000000000000000000000000000000000000000000000000000000000000         00000000000000000000000R&L CENTRO DE ESTETICA LTDA -                                         000007
10205539814000112041300648601        CLEAN AMBIENTAL          00016546            109000165463             I04010218000001654600016546            05021800000003709313412897715000000000000000000000000000000000000000000000000000000000000000000000000000000000000000000000000000000000000000000000         00000000000000000000000LUDAPI ALIMENTOS LTDA - ME                                            000008
10205539814000112041300648601        CLEAN AMBIENTAL          00016618            109000166180             I04010218000001661800016618            01021800000000716053412897715000000000000000000000000000000000000000000000000000000000000005000000000000000000000000000000000000000000000000000000         00000000000000000000000SGS ENVIRON LTDA                                                      000009
10205539814000112041300648601        CLEAN AMBIENTAL          00017136            109000171362             I04010218000001713600017136            05021800000000242363412897715000000000000000000000000000000000000000000000000000000000000000000000000000000000000000000000000000000000000000000000         00000000000000000000000GALETERIA E CHOPERIA SANTO GAL                                        000010
10205539814000112041300648601        CLEAN AMBIENTAL          00017446            109000174465             I04010218000001744600017446            02021800000000558423412897715000000000000000000000000000000000000000000000000000000000000000000000000000000000000000000000000000000000000000000000         00000000000000000000000CONFEITARIA REGININHA LTDA                                            000011
10205539814000112041300648601        CLEAN AMBIENTAL          00017983            109000179837             I04010218000001798300017983            02021800000000794643412897715000000000000000000000000000000000000000000000000000000000000000000000000000000000000000000000000000000000000000000000         00000000000000000000000BIG FIELD POINT SUPER LANCHES                                         000012
10205539814000112041300648601        CLEAN AMBIENTAL          00018062            109000180629             I04010218000001806200018062            05021800000001035633412897715000000000000000000000000000000000000000000000000000000000000000000000000000000000000000000000000000000000000000000000         00000000000000000000000SFC - SOCIEDADE LUSO BRASILEIR                                        000013
10205539814000112041300648601        CLEAN AMBIENTAL          00018101            109000181015             I04010218000001810100018101            05021800000000439213412897715000000000000000000000000000000000000000000000000000000000000000000000000000000000000000000000000000000000000000000000         00000000000000000000000HORTIFRUT SAO CLEMENTE LTDA                                           000014
10205539814000112041300648601        CLEAN AMBIENTAL          00018311            109000183110             I04010218000001831100018311            05021800000000510263412897715000000000000000000000000000000000000000000000000000000000000000000000000000000000000000000000000000000000000000000000         00000000000000000000000DOCTOR LEO CLINIC MEDICA LTDA                                         000015
10205539814000112041300648601        CLEAN AMBIENTAL          00018547            109000185479             I04010218000001854700018547            08021800000000081573412897715000000000000000000000000000000000000000000000000000000000000000000000000000000000000000000000000000000000000000000000         00000000000000000000000SINDICATO DOS CORRETORES E EMP                                        000016
10205539814000112041300648601        CLEAN AMBIENTAL          00019297            109000192970             I04010218000001929700019297            02021800000000131583412897715000000000000000000000000000000000000000000000000000000000000000000000000000000000000000000000000000000000000000000000         00000000000000000000000BORGES MATOS LANCHONETE LTDA -                                        000017
10205539814000112041300648601        CLEAN AMBIENTAL          00019355            109000193556             I04010218000001935500019355            02021800000000456253412897715000000000000000000000000000000000000000000000000000000000000000000000000000000000000000000000000000000000000000000000         00000000000000000000000IPANEMA CIRURGIA PLASTICA                                             000018
10205539814000112041300648601        CLEAN AMBIENTAL          00019360            109000193606             I04010218000001936000019360            01021800000000256643412897715000000000000000000000000000000000000000000000000000000000000000000000000000000000000000000000000000000000000000000000         00000000000000000000000CENTRO COMERCIAL JOAO DA SILVA                                        000019
10205539814000112041300648601        CLEAN AMBIENTAL          00019781            109000197813             I04010218000001978100019781            07021800000000519473412897715000000000000000000000000000000000000000000000000000000000000005000000000000000000000000000000000000000000000000000000         00000000000000000000000CONDOMINIO DO EMPREENDIMENTO S                                        000020
10205539814000112041300648601        CLEAN AMBIENTAL          00019883            109000198837             I04010218000001988300019883            03021800000000257263412897715000000000000000000000000000000000000000000000000000000000000005000000000000000000000000000000000000000000000000000000         00000000000000000000000QUATREME ALIMENTACAO E SERVICO                                        000021
10205539814000112041300648601        CLEAN AMBIENTAL          00020132            109000201326             I04010218000002013200020132            05021800000000350683412897715000000000000000000000000000000000000000000000000000000000000000000000000000000000000000000000000000000000000000000000         00000000000000000000000PROMENADE CONSULTORIA IMOBILIA                                        000022
10205539814000112041300648601        CLEAN AMBIENTAL          00008466            109000084664             I06010218000000846600008466            01021800000003214983411247615000000000016600000000000000000000000000000000000000000000000000000000000000000000000032133200000000000000000000000000   01021800000000000000000000000UNIAO DE ENSINO SUPERIOR DO PA                                      CK000023
10205539814000112041300648601                                 00010631            109000106319             I06010218          00010631            000000000000001928810440873  000000000016600000000000000000000000000000000000000000000000000000000000000000000000001912200000000000000000000000000   01021800000000000000000000000                                                                    B5000024
10205539814000112041300648601        CLEAN AMBIENTAL          00011816            109000118165             I06010218000001181600011816            01021800000002176323418586015000000000016600000000000000000000000000000000000000000000000000000000000000000000000021746600000000000000000000000000   01021800000000000000000000000CONDOMINIO DO EDIFICIO TOP CEN                                      CK000025
10205539814000112041300648601        CLEAN AMBIENTAL          00012039            109000120393             I06010218000001203900012039            26011800000000186840331641015000000000016600000000000000000000000000000000000000000000000000000000000000000000000001882600000000003080000000000000   01021800000000000000000000000TELAO CHURRASCO E EVENTOS O PO                                      B1000026
10205539814000112041300648601        CLEAN AMBIENTAL          00012241            109000122415             I06010218000001224100012241            01021800000003448423411247615000000000016600000000000000000000000000000000000000000000000000000000000000000000000034467600000000000000000000000000   01021800000000000000000000000UNIAO DE ENSINO SUPERIOR DO PA                                      CK000027
10205539814000112041300648601        CLEAN AMBIENTAL          00013094            109000130947             I06010218000001309400013094            01021800000000252631041326815000000000016600000000000000000000000000000000000000000000000000000000000000000000000002509700000000000000000000000000   01021800000000000000000000000CAFE E BAR BEBADELA LTDA - ME                                       B5000028
10205539814000112041300648601        CLEAN AMBIENTAL          00013510            109000135102             I06010218000001351000013510            15121700000000251320331682415000000000016600000000000000000000000000000000000000000000000000000000000000000000000002886400000000038980000000000000   01021800000000000000000000000SARDINHA COM PIMENTA LTDA - ME                                      B3000029
10205539814000112041300648601        CLEAN AMBIENTAL          00013553            109000135532             I06010218000001355300013553            01021800000000361531040573615000000000016600000000000000000000000000000000000000000000000000000000000000000000000003598700000000000000000000000000   01021800000000000000000000000S J FREITAS BAR E CAFE EIRELI                                       B5000030
10205539814000112041300648601        CLEAN AMBIENTAL          00013555            109000135557             I06010218000001355500013555            16121700000000225631043241715000000000016600000000000000000000000000000000000000000000000000000000000000000000000002582200000000034250000000000000   01021800000000000000000000000PASTELARIA QUATRO ESTACOES LTD                                      B5000031
10205539814000112041300648601        CLEAN AMBIENTAL          00014139            109000141399             I06010218000001413900014139            21121700000000373423416476615000000000016600000000000000000000000000000000000000000000000000000000000000000000000004234200000000051660000000000000   01021800000000000000000000000HORTIFRUTI LIDER DO MEIER LTDA                                      CP000032
10205539814000112041300648601        CLEAN AMBIENTAL          00014229            109000142298             I06010218000001422900014229            22121700000001099061042264015000000000016600000000000000000000000000000000000000000000000000000000000000000000000012424800000000145080000000000000   01021800000000000000000000000CHOPERIA BARRIL 8000 PIEDADE E                                      B3000033
10205539814000112041300648601        CLEAN AMBIENTAL          00014284            109000142843             I06010218000001428400014284            30121700000000243203416021015000000000016600000000000000000000000000000000000000000000000000000000000000000000000002679400000000026400000000000000   01021800000000000000000000000W. WEISHENG PASTELARIA - ME                                         CP000034
10205539814000112041300648601        CLEAN AMBIENTAL          00015350            109000153501             I06010218000001535000015350            10011800000000115793410726015000000000016600000000000000000000000000000000000000000000000000000000000000000000000001224900000000008360000000000000   01021800000000000000000000000THE SCOLE ENSINO DE IDIOMAS EI                                      CP000035
10205539814000112041300648601        CLEAN AMBIENTAL          00015794            109000157940             I06010218000001579400015794            06011800000000428813410563715000000000016600000000000000000000000000000000000000000000000000000000000000000000000004638100000000036660000000000000   01021800000000000000000000000PRIMA DONA DOCES LTDA                                               AA000036
10205539814000112041300648601        CLEAN AMBIENTAL          00015932            109000159326             I06010218000001593200015932            07011800000000320793415577215000000000016600000000000000000000000000000000000000000000000000000000000000000000000003456300000000026500000000000000   01021800000000000000000000000BAZAR E MERCADINHO DA ESTACAO                                       CP000037
10205539814000112041300648601        CLEAN AMBIENTAL          00015952            109000159524             I06010218000001595200015952            07011800000000165530333161715000000000016600000000000000000000000000000000000000000000000000000000000000000000000001769800000000013110000000000000   01021800000000000000000000000AMIOSO DO SENHOR SUCOS E LANCH                                      B1000038
10205539814000112041300648601        CLEAN AMBIENTAL          00016020            109000160209             I06010218000001602000016020            08011800000000499950330806015000000000016600000000000000000000000000000000000000000000000000000000000000000000000005378900000000039600000000000000   01021800000000000000000000000OS FILHOS DA MAE BURGERS EIREL                                      B7000039
10205539814000112041300648601        CLEAN AMBIENTAL          00016028            109000160282             I06010218000001602800016028            08011800000000273421040229515000000000016600000000000000000000000000000000000000000000000000000000000000000000000002934100000000021650000000000000   01021800000000000000000000000HOTIFRUTI E MERCEARIA SANTA CR                                      B3000040
10205539814000112041300648601        CLEAN AMBIENTAL          00016056            109000160563             I06010218000001605600016056            08011800000000320793418468115000000000016600000000000000000000000000000000000000000000000000000000000000000000000003445700000000025440000000000000   01021800000000000000000000000CONDOMINIO DO EDIFICIO OUVIDOR                                      CK000041
10205539814000112041300648601        CLEAN AMBIENTAL          00016062            109000160621             I06010218000001606200016062            08011800000000858162372507215000000000016600000000000000000000000000000000000000000000000000000000000000000000000009216300000000065130000000000000   01021800000000000000000000000HORTI LIFE FRUTAS E LEGUMES EI                                      B1000042
10205539814000112041300648601        CLEAN AMBIENTAL          00016088            109000160886             I06010218000001608800016088            13011800000000194473418803915000000000016600000000000000000000000000000000000000000000000000000000000000000000000002049700000000012160000000000000   01021800000000000000000000000KIKO E NANDO CEREAIS LTDA - ME                                      AA000043
10205539814000112041300648601        CLEAN AMBIENTAL          00016165            109000161652             I06010218000001616500016165            08011800000000156583416020215000000000016600000000000000000000000000000000000000000000000000000000000000000000000001671600000000012240000000000000   01021800000000000000000000000SABOR REAL RESTAURANTE E LANCH                                      CP000044
10205539814000112041300648601        CLEAN AMBIENTAL          00016193            109000161934             I06010218000001619300016193            09011800000000236323410405115000000000016600000000000000000000000000000000000000000000000000000000000000000000000002526000000000017940000000000000   01021800000000000000000000000R C RESTAURANTE TABULEIRO LTDA                                      BL000045
10205539814000112041300648601        CLEAN AMBIENTAL          00016267            109000162676             I06010218000001626700016267            01021800000003467373411247615000000000016600000000000000000000000000000000000000000000000000000000000000000000000034657100000000000000000000000000   01021800000000000000000000000UNIAO DE ENSINO SUPERIOR DO PA                                      CK000046
10205539814000112041300648601        CLEAN AMBIENTAL          00016324            109000163245             I06010218000001632400016324            10011800000000365260333184915000000000016600000000000000000000000000000000000000000000000000000000000000000000000003901200000000026520000000000000   01021800000000000000000000000CHADY LEBLON COMERCIO DE ALIME                                      B2000047
10205539814000112041300648601        CLEAN AMBIENTAL          00016331            109000163310             I06010218000001633100016331            01021800000001789473411247615000000000016600000000000000000000000000000000000000000000000000000000000000000000000017878100000000000000000000000000   01021800000000000000000000000UNIAO DE ENSINO SUPERIOR DO PA                                      CK000048
10205539814000112041300648601        CLEAN AMBIENTAL          00016584            109000165844             I06010218000001658400016584            11011800000000342893413031215000000000016600000000000000000000000000000000000000000000000000000000000000000000000003649600000000023730000000000000   01021800000000000000000000000CARIQUE EXPRESS PIZZARIA DA TI                                      BL000049
10205539814000112041300648601        CLEAN AMBIENTAL          00016752            109000167527             I06010218000001675200016752            10011800000000104211043093215000000000016600000000000000000000000000000000000000000000000000000000000000000000000001101200000000007570000000000000   01021800000000000000000000000ADAJ REFEICOES LTDA                                                 B1000050
10205539814000112041300648601        CLEAN AMBIENTAL          00016949            109000169499             I06010218000001694900016949            02021800000000658032370135415000000000016600000000000000000000000000000000000000000000000000000000000000000000000006563700000000000000000000000000   01021800000000000000000000000LANCHES BIG NECTAR COPACABANA                                       B1000051
10205539814000112041300648601        CLEAN AMBIENTAL          00016950            109000169507             I06010218000001695000016950            02021800000000657242370135415000000000016600000000000000000000000000000000000000000000000000000000000000000000000006555800000000000000000000000000   01021800000000000000000000000LANCHES PONTO VIRTUAL DE COPAC                                      B1000052
10205539814000112041300648601        CLEAN AMBIENTAL          00016954            109000169549             I06010218000001695400016954            17011800000000405510013519615000000000016600000000000000000000000000000000000000000000000000000000000000000000000004225800000000018730000000000000   01021800000000000000000000000BAR E CHURRASQUETO FLOR DE INH                                      B3000053
10205539814000112041300648601        CLEAN AMBIENTAL          00017269            109000172691             I06010218000001726900017269            01021800000000283161041326815000000000016600000000000000000000000000000000000000000000000000000000000000000000000002815000000000000000000000000000   01021800000000000000000000000CAFE E BAR BEBADELA LTDA - ME                                       B5000054
10205539814000112041300648601        CLEAN AMBIENTAL          00017529            109000175298             I06010218000001752900017529            15011800000000387252377096115000000000016600000000000000000000000000000000000000000000000000000000000000000000000004073100000000021720000000000000   01021800000000000000000000000DONNA JUCA DISTRIBUIDORA DE AL                                      B3000055
10205539814000112041300648601        CLEAN AMBIENTAL          00017551            109000175512             I06010218000001755100017551            15011800000000265530331682415000000000016600000000000000000000000000000000000000000000000000000000000000000000000002778900000000014020000000000000   01021800000000000000000000000SARDINHA COM PIMENTA LTDA - ME                                      B3000056
10205539814000112041300648601        CLEAN AMBIENTAL          00017943            109000179431             I06010218000001794300017943            31011800000000256350010102415000000000016600000000000000000000000000000000000000000000000000000000000000000000000002546900000000000000000000000000   01021800000000000000000000000SABENAUTO COMERCIO DE VEICULOS                                      B3000057
10205539814000112041300648601        CLEAN AMBIENTAL          00017958            109000179589             I06010218000001795800017958            19011800000000393422377088815000000000016600000000000000000000000000000000000000000000000000000000000000000000000004086400000000016880000000000000   01021800000000000000000000000BAR E RESTAURANTE FAMILIA MARQ                                      B2000058
10205539814000112041300648601        CLEAN AMBIENTAL          00018121            109000181213             I06010218000001812100018121            21011800000000393163416476615000000000016600000000000000000000000000000000000000000000000000000000000000000000000004058000000000014300000000000000   01021800000000000000000000000HORTIFRUTI LIDER DO MEIER LTDA                                      CP000059
10205539814000112041300648601        CLEAN AMBIENTAL          00018163            109000181635             I06010218000001816300018163            01021800000000139741043111215000000000016600000000000000000000000000000000000000000000000000000000000000000000000001380800000000000000000000000000   01021800000000000000000000000NEI DE OLIVEIRA 37525069700                                         B5000060
10205539814000112041300648601        CLEAN AMBIENTAL          00018280            109000182807             I06010218000001828000018280            30011800000000260573416021015000000000016600000000000000000000000000000000000000000000000000000000000000000000000002606300000000001720000000000000   01021800000000000000000000000W. WEISHENG PASTELARIA - ME                                         CP000061
10205539814000112041300648601        CLEAN AMBIENTAL          00018517            109000185172             I06010218000001851700018517            24011800000000302881044836315000000000016600000000000000000000000000000000000000000000000000000000000000000000000003092200000000008000000000000000   01021800000000000000000000000GE BISTRO LTDA - ME                                                 B3000062
10205539814000112041300648601        CLEAN AMBIENTAL          00018524            109000185248             I06010218000001852400018524            24011800000000558423410563715000000000016600000000000000000000000000000000000000000000000000000000000000000000000005696600000000012900000000000000   01021800000000000000000000000GIRO GAVEA RESTAURANTE E PIZZA                                      AA000063
10205539814000112041300648601        CLEAN AMBIENTAL          00018548            109000185487             I06010218000001854800018548            01021800000000161052370135415000000000016600000000000000000000000000000000000000000000000000000000000000000000000001593900000000000000000000000000   01021800000000000000000000000CONDOMINIO DO EDIFICIO SANTOS                                       B7000064
10205539814000112041300648601        CLEAN AMBIENTAL          00018567            109000185677             I06010218000001856700018567            24011800000000172371044087315000000000016600000000000000000000000000000000000000000000000000000000000000000000000001752600000000004550000000000000   01021800000000000000000000000FABIO CRISANTO DE SOUZA 079001                                      B5000065
10205539814000112041300648601        CLEAN AMBIENTAL          00018576            109000185768             I06010218000001857600018576            24011800000000185260333350615000000000016600000000000000000000000000000000000000000000000000000000000000000000000001878800000000004280000000000000   01021800000000000000000000000MAGNESITA FESTAS E EVENTOS LTD                                      B3000066
10205539814000112041300648601        CLEAN AMBIENTAL          00018587            109000185875             I06010218000001858700018587            24011800000000293952370471315000000000016600000000000000000000000000000000000000000000000000000000000000000000000003000500000000007760000000000000   01021800000000000000000000000DANIELLE DOS SANTOS MARTINS DA                                      B3000067
10205539814000112041300648601                                 00018613            109000186139             I06010218          00018613            000000000000000876334104028  000000000016600000000000000000000000000000000000000000000000000000000000000000000000000859700000000000000000000000000   01021800000000000000000000000                                                                    AA000068
10205539814000112041300648601                                 00018634            109000186345             I06010218          00018634            000000000000003658934164766  000000000016600000000000000000000000000000000000000000000000000000000000000000000000003642300000000000000000000000000   01021800000000000000000000000                                                                    CP000069
10205539814000112041300648601                                 00018637            109000186378             I06010218          00018637            000000000000003720834164766  000000000016600000000000000000000000000000000000000000000000000000000000000000000000003704200000000000000000000000000   01021800000000000000000000000                                                                    CP000070
10205539814000112041300648601                                 00018638            109000186386             I06010218          00018638            000000000000003728934164766  000000000016600000000000000000000000000000000000000000000000000000000000000000000000003712300000000000000000000000000   01021800000000000000000000000                                                                    CP000071
10205539814000112041300648601                                 00018673            109000186733             I06010218          00018673            000000000000004384234104580  000000000016600000000000000000000000000000000000000000000000000000000000000000000000004396600000000002900000000000000   01021800000000000000000000000                                                                    CP000072
10205539814000112041300648601                                 00018688            109000186881             I06010218          00018688            000000000000002852603346771  000000000016600000000000000000000000000000000000000000000000000000000000000000000000002836000000000000000000000000000   01021800000000000000000000000                                                                    B3000073
10205539814000112041300648601                                 00018705            109000187053             I06010218          00018705            000000000000002337023700877  000000000016600000000000000000000000000000000000000000000000000000000000000000000000002320400000000000000000000000000   01021800000000000000000000000                                                                    B1000074
10205539814000112041300648601        CLEAN AMBIENTAL          00018808            109000188085             I06010218000001880800018808            01021800000000778160014820715000000000016600000000000000000000000000000000000000000000000000000000000000000000000007765000000000000000000000000000   01021800000000000000000000000BAR E RESTAURANTE GAROTA DA TI                                      B1000075
10205539814000112041300648601        CLEAN AMBIENTAL          00018831            109000188317             I06010218000001883100018831            26011800000000344211041327615000000000016600000000000000000000000000000000000000000000000000000000000000000000000003493700000000006820000000000000   01021800000000000000000000000HOSTEL VILLA SANTANA                                                B5000076
10205539814000112041300648601        CLEAN AMBIENTAL          00018848            109000188481             I06010218000001884800018848            01021800000000152891042387915000000000016600000000000000000000000000000000000000000000000000000000000000000000000001512300000000000000000000000000   01021800000000000000000000000CAFE E BAR DO MEIO TERMO LTDA                                       B5000077
10205539814000112041300648601                                 00018898            109000188986             I06010218          00018898            000000000000000786834192379  000000000016600000000000000000000000000000000000000000000000000000000000000000000000000770200000000000000000000000000   01021800000000000000000000000                                                                    CP000078
10205539814000112041300648601                                 00018917            109000189174             I06010218          00018917            000000000000001411534103095  000000000016600000000000000000000000000000000000000000000000000000000000000000000000001394900000000000000000000000000   01021800000000000000000000000                                                                    BL000079
10205539814000112041300648601        CLEAN AMBIENTAL          00018951            109000189513             I06010218000001895100018951            27011800000000528260333451215000000000016600000000000000000000000000000000000000000000000000000000000000000000000005353200000000008720000000000000   01021800000000000000000000000RESTAURANTE HAKUBA LTDA                                             B1000080
10205539814000112041300648601        CLEAN AMBIENTAL          00018972            109000189729             I06010218000001897200018972            27011800000000373951042264015000000000016600000000000000000000000000000000000000000000000000000000000000000000000003772300000000004940000000000000   01021800000000000000000000000BAR E RESTAURANTE SALERNO LTDA                                      B5000081
10205539814000112041300648601        CLEAN AMBIENTAL          00018974            109000189745             I06010218000001897400018974            01021800000000490592377089615000000000016600000000000000000000000000000000000000000000000000000000000000000000000004889300000000000000000000000000   01021800000000000000000000000LANCHONETE CAMELIA 735 LTDA                                         B3000082
10205539814000112041300648601        CLEAN AMBIENTAL          00018989            109000189893             I06010218000001898900018989            27011800000000253243418113315000000000016600000000000000000000000000000000000000000000000000000000000000000000000002557300000000004150000000000000   01021800000000000000000000000FORTFIT ACADEMIA DE GINASTICA                                       BL000083
10205539814000112041300648601        CLEAN AMBIENTAL          00019006            109000190065             I06010218000001900600019006            01021800000000285261040232915000000000016600000000000000000000000000000000000000000000000000000000000000000000000002836000000000000000000000000000   01021800000000000000000000000BAR E LANCHONETE SABOR DIVINO                                       B5000084
10205539814000112041300648601        CLEAN AMBIENTAL          00019027            109000190271             I06010218000001902700019027            27011800000000220530334211915000000000016600000000000000000000000000000000000000000000000000000000000000000000000002210500000000002180000000000000   01021800000000000000000000000CICI MP LANCHONETE EIRELI                                           B3000085
10205539814000112041300648601                                 00019057            109000190578             I06010218          00019057            000000000000000831823730072  000000000016600000000000000000000000000000000000000000000000000000000000000000000000000815200000000000000000000000000   01021800000000000000000000000                                                                    B3000086
10205539814000112041300648601        CLEAN AMBIENTAL          00019150            109000191501             I06010218000001915000019150            28011800000000122891044945215000000000016600000000000000000000000000000000000000000000000000000000000000000000000001224500000000001220000000000000   01021800000000000000000000000PADARIA E CONFEITARIA AURELIO                                       B5000087
10205539814000112041300648601        CLEAN AMBIENTAL          00019173            109000191733             I06010218000001917300019173            01021800000002857113416007915000000000016600000000000000000000000000000000000000000000000000000000000000000000000028554500000000000000000000000000   01021800000000000000000000000COMISSARIA AEREA RIO DE JANEIR                                      CK000088
10205539814000112041300648601        CLEAN AMBIENTAL          00019181            109000191816             I06010218000001918100019181            28011800000000139210333350615000000000016600000000000000000000000000000000000000000000000000000000000000000000000001393900000000001840000000000000   01021800000000000000000000000INSTITUTO ALPEN DE ENSINO LTDA                                      B3000089
10205539814000112041300648601        CLEAN AMBIENTAL          00019360            109000193606             I06010218000001936000019360            01021800000000256642373248215000000000016600000000000000000000000000000000000000000000000000000000000000000000000002549800000000000000000000000000   01021800000000000000000000000CENTRO COMERCIAL JOAO DA SILVA                                      B3000090
10205539814000112041300648601                                 00019371            109000193713             I06010218          00019371            000000000000010672223708870  000000000016600000000000000000000000000000000000000000000000000000000000000000000000010655600000000000000000000000000   01021800000000000000000000000                                                                    B2000091
10205539814000112041300648601                                 00019372            109000193721             I06010218          00019372            000000000000014990523727730  000000000016600000000000000000000000000000000000000000000000000000000000000000000000014973900000000000000000000000000   01021800000000000000000000000                                                                    B7000092
10205539814000112041300648601                                 00019373            109000193739             I06010218          00019373            000000000000003723310430726  000000000016600000000000000000000000000000000000000000000000000000000000000000000000003706700000000000000000000000000   01021800000000000000000000000                                                                    B2000093
10205539814000112041300648601                                 00019375            109000193754             I06010218          00019375            000000000000010848723717913  000000000016600000000000000000000000000000000000000000000000000000000000000000000000010832100000000000000000000000000   01021800000000000000000000000                                                                    B1000094
10205539814000112041300648601                                 00019377            109000193770             I06010218          00019377            000000000000008841910421238  000000000016600000000000000000000000000000000000000000000000000000000000000000000000008825300000000000000000000000000   01021800000000000000000000000                                                                    B5000095
10205539814000112041300648601                                 00019402            109000194026             I06010218          00019402            000000000000002556334190878  000000000016600000000000000000000000000000000000000000000000000000000000000000000000002539700000000000000000000000000   01021800000000000000000000000                                                                    CK000096
10205539814000112041300648601                                 00019406            109000194067             I06010218          00019406            000000000000008137310402212  000000000016600000000000000000000000000000000000000000000000000000000000000000000000008120700000000000000000000000000   01021800000000000000000000000                                                                    B3000097
10205539814000112041300648601                                 00019506            109000195064             I06010218          00019506            000000000000002351200148207  000000000016600000000000000000000000000000000000000000000000000000000000000000000000002334600000000000000000000000000   01021800000000000000000000000                                                                    B1000098
10205539814000112041300648601                                 00019539            109000195395             I06010218          00019539            000000000000002291910432235  000000000016600000000000000000000000000000000000000000000000000000000000000000000000002275300000000000000000000000000   01021800000000000000000000000                                                                    B2000099
10205539814000112041300648601                                 00019544            109000195445             I06010218          00019544            000000000000001645810402139  000000000016600000000000000000000000000000000000000000000000000000000000000000000000001629200000000000000000000000000   01021800000000000000000000000                                                                    B5000100
10205539814000112041300648601                                 00019554            109000195544             I06010218          00019554            000000000000005671123716311  000000000016600000000000000000000000000000000000000000000000000000000000000000000000005654500000000000000000000000000   01021800000000000000000000000                                                                    B3000101
10205539814000112041300648601                                 00019555            109000195551             I06010218          00019555            000000000000014687423702139  000000000016600000000000000000000000000000000000000000000000000000000000000000000000014670800000000000000000000000000   01021800000000000000000000000                                                                    B3000102
10205539814000112041300648601                                 00019558            109000195585             I06010218          00019558            000000000000030640434111858  000000000016600000000000000000000000000000000000000000000000000000000000000000000000030623800000000000000000000000000   01021800000000000000000000000                                                                    Q0000103
10205539814000112041300648601                                 00019563            109000195635             I06010218          00019563            000000000000007137423733696  000000000016600000000000000000000000000000000000000000000000000000000000000500000000007070800000000000000000000000000   01021800000000000000000000000                                                                    B3000104
10205539814000112041300648601                                 00019565            109000195650             I06010218          00019565            000000000000014562334103053  000000000016600000000000000000000000000000000000000000000000000000000000000000000000014545700000000000000000000000000   01021800000000000000000000000                                                                    BL000105
10205539814000112041300648601                                 00019566            109000195668             I06010218          00019566            000000000000007403534103053  000000000016600000000000000000000000000000000000000000000000000000000000000000000000007386900000000000000000000000000   01021800000000000000000000000                                                                    BL000106
10205539814000112041300648601                                 00019578            109000195783             I06010218          00019578            000000000000006168434102725  000000000016600000000000000000000000000000000000000000000000000000000000000000000000006151800000000000000000000000000   01021800000000000000000000000                                                                    BL000107
10205539814000112041300648601                                 00019581            109000195817             I06010218          00019581            000000000000014755223771142  000000000016600000000000000000000000000000000000000000000000000000000000000000000000014738600000000000000000000000000   01021800000000000000000000000                                                                    B1000108
10205539814000112041300648601                                 00019582            109000195825             I06010218          00019582            000000000000007652423771142  000000000016600000000000000000000000000000000000000000000000000000000000000000000000007635800000000000000000000000000   01021800000000000000000000000                                                                    B1000109
10205539814000112041300648601                                 00019583            109000195833             I06010218          00019583            000000000000008212423771142  000000000016600000000000000000000000000000000000000000000000000000000000000000000000008195800000000000000000000000000   01021800000000000000000000000                                                                    B1000110
10205539814000112041300648601                                 00019585            109000195858             I06010218          00019585            000000000000005181634105710  000000000016600000000000000000000000000000000000000000000000000000000000000000000000005165000000000000000000000000000   01021800000000000000000000000                                                                    BL000111
10205539814000112041300648601                                 00019589            109000195890             I06010218          00019589            000000000000003045534129728  000000000016600000000000000000000000000000000000000000000000000000000000000000000000003028900000000000000000000000000   01021800000000000000000000000                                                                    CK000112
10205539814000112041300648601                                 00019590            109000195908             I06010218          00019590            000000000000016287123705827  000000000016600000000000000000000000000000000000000000000000000000000000000000000000016270500000000000000000000000000   01021800000000000000000000000                                                                    B3000113
10205539814000112041300648601                                 00019591            109000195916             I06010218          00019591            000000000000003814223704457  000000000016600000000000000000000000000000000000000000000000000000000000000000000000003797600000000000000000000000000   01021800000000000000000000000                                                                    B3000114
10205539814000112041300648601                                 00019592            109000195924             I06010218          00019592            000000000000003814223704713  000000000016600000000000000000000000000000000000000000000000000000000000000000000000003797600000000000000000000000000   01021800000000000000000000000                                                                    B3000115
10205539814000112041300648601                                 00019593            109000195932             I06010218          00019593            000000000000011716803339008  000000000016600000000000000000000000000000000000000000000000000000000000000000000000011700200000000000000000000000000   01021800000000000000000000000                                                                    B7000116
10205539814000112041300648601                                 00019594            109000195940             I06010218          00019594            000000000000004307310405454  000000000016600000000000000000000000000000000000000000000000000000000000000000000000004290700000000000000000000000000   01021800000000000000000000000                                                                    B3000117
10205539814000112041300648601                                 00019595            109000195957             I06010218          00019595            000000000000003981623709522  000000000016600000000000000000000000000000000000000000000000000000000000000000000000003965000000000000000000000000000   01021800000000000000000000000                                                                    B1000118
10205539814000112041300648601                                 00019597            109000195973             I06010218          00019597            000000000000006843423733977  000000000016600000000000000000000000000000000000000000000000000000000000000000000000006826800000000000000000000000000   01021800000000000000000000000                                                                    B3000119
10205539814000112041300648601                                 00019599            109000195999             I06010218          00019599            000000000000005261900101024  000000000016600000000000000000000000000000000000000000000000000000000000000000000000005245300000000000000000000000000   01021800000000000000000000000                                                                    B3000120
10205539814000112041300648601                                 00019600            109000196005             I06010218          00019600            000000000000005340034115263  000000000016600000000000000000000000000000000000000000000000000000000000000000000000005323400000000000000000000000000   01021800000000000000000000000                                                                    CP000121
10205539814000112041300648601                                 00019606            109000196062             I06010218          00019606            000000000000005402910445534  000000000016600000000000000000000000000000000000000000000000000000000000000000000000005386300000000000000000000000000   01021800000000000000000000000                                                                    B3000122
10205539814000112041300648601                                 00019611            109000196112             I06010218          00019611            000000000000003002634103046  000000000016600000000000000000000000000000000000000000000000000000000000000000000000002986000000000000000000000000000   01021800000000000000000000000                                                                    CK000123
10205539814000112041300648601                                 00019616            109000196161             I06010218          00019616            000000000000004586823727854  000000000016600000000000000000000000000000000000000000000000000000000000000000000000004570200000000000000000000000000   01021800000000000000000000000                                                                    B3000124
10205539814000112041300648601                                 00019619            109000196195             I06010218          00019619            000000000000002352634184608  000000000016600000000000000000000000000000000000000000000000000000000000000000000000002336000000000000000000000000000   01021800000000000000000000000                                                                    CK000125
10205539814000112041300648601                                 00019620            109000196203             I06010218          00019620            000000000000002247434184608  000000000016600000000000000000000000000000000000000000000000000000000000000000000000002230800000000000000000000000000   01021800000000000000000000000                                                                    CK000126
10205539814000112041300648601                                 00019627            109000196278             I06010218          00019627            000000000000003121134104853  000000000016600000000000000000000000000000000000000000000000000000000000000000000000003104500000000000000000000000000   01021800000000000000000000000                                                                    BL000127
10205539814000112041300648601                                 00019628            109000196286             I06010218          00019628            000000000000009681634106841  000000000016600000000000000000000000000000000000000000000000000000000000000000000000009665000000000000000000000000000   01021800000000000000000000000                                                                    CK000128
10205539814000112041300648601                                 00019629            109000196294             I06010218          00019629            000000000000003681634103046  000000000016600000000000000000000000000000000000000000000000000000000000000000000000003665000000000000000000000000000   01021800000000000000000000000                                                                    CK000129
10205539814000112041300648601                                 00019631            109000196310             I06010218          00019631            000000000000002872303311759  000000000016600000000000000000000000000000000000000000000000000000000000000000000000002855700000000000000000000000000   01021800000000000000000000000                                                                    B3000130
10205539814000112041300648601                                 00019632            109000196328             I06010218          00019632            000000000000000105234107260  000000000016600000000000000000000000000000000000000000000000000000000000000000000000000088600000000000000000000000000   01021800000000000000000000000                                                                    CP000131
10205539814000112041300648601                                 00019636            109000196369             I06010218          00019636            000000000000001398534161242  000000000016600000000000000000000000000000000000000000000000000000000000000000000000001381900000000000000000000000000   01021800000000000000000000000                                                                    BL000132
10205539814000112041300648601                                 00019638            109000196385             I06010218          00019638            000000000000002623723735055  000000000016600000000000000000000000000000000000000000000000000000000000000500000000002557100000000000000000000000000   01021800000000000000000000000                                                                    B3000133
10205539814000112041300648601                                 00019641            109000196419             I06010218          00019641            000000000000008689534181596  000000000016600000000000000000000000000000000000000000000000000000000000000000000000008672900000000000000000000000000   01021800000000000000000000000                                                                    CK000134
10205539814000112041300648601                                 00019642            109000196427             I06010218          00019642            000000000000002289534103582  000000000016600000000000000000000000000000000000000000000000000000000000000000000000002272900000000000000000000000000   01021800000000000000000000000                                                                    BL000135
10205539814000112041300648601                                 00019643            109000196435             I06010218          00019643            000000000000001260534104135  000000000016600000000000000000000000000000000000000000000000000000000000000000000000001243900000000000000000000000000   01021800000000000000000000000                                                                    Q0000136
10205539814000112041300648601                                 00019646            109000196468             I06010218          00019646            000000000000008655323704689  000000000016600000000000000000000000000000000000000000000000000000000000000000000000008638700000000000000000000000000   01021800000000000000000000000                                                                    B3000137
10205539814000112041300648601                                 00019647            109000196476             I06010218          00019647            000000000000002226823733696  000000000016600000000000000000000000000000000000000000000000000000000000000000000000002210200000000000000000000000000   01021800000000000000000000000                                                                    B7000138
10205539814000112041300648601                                 00019648            109000196484             I06010218          00019648            000000000000003484223704457  000000000016600000000000000000000000000000000000000000000000000000000000000000000000003467600000000000000000000000000   01021800000000000000000000000                                                                    B1000139
10205539814000112041300648601                                 00019655            109000196559             I06010218          00019655            000000000000003057923734348  000000000016600000000000000000000000000000000000000000000000000000000000000000000000003041300000000000000000000000000   01021800000000000000000000000                                                                    B3000140
10205539814000112041300648601                                 00019659            109000196591             I06010218          00019659            000000000000005824234105769  000000000016600000000000000000000000000000000000000000000000000000000000000000000000005807600000000000000000000000000   01021800000000000000000000000                                                                    BL000141
10205539814000112041300648601                                 00019661            109000196617             I06010218          00019661            000000000000004884210402055  000000000016600000000000000000000000000000000000000000000000000000000000000000000000004867600000000000000000000000000   01021800000000000000000000000                                                                    B5000142
10205539814000112041300648601                                 00019662            109000196625             I06010218          00019662            000000000000001092634184228  000000000016600000000000000000000000000000000000000000000000000000000000000000000000001076000000000000000000000000000   01021800000000000000000000000                                                                    CK000143
10205539814000112041300648601                                 00019663            109000196633             I06010218          00019663            000000000000002597423765672  000000000016600000000000000000000000000000000000000000000000000000000000000000000000002580800000000000000000000000000   01021800000000000000000000000                                                                    B3000144
10205539814000112041300648601                                 00019667            109000196674             I06010218          00019667            000000000000001659903339073  000000000016600000000000000000000000000000000000000000000000000000000000000000000000001643300000000000000000000000000   01021800000000000000000000000                                                                    B3000145
10205539814000112041300648601                                 00019668            109000196682             I06010218          00019668            000000000000002376323734322  000000000016600000000000000000000000000000000000000000000000000000000000000000000000002359700000000000000000000000000   01021800000000000000000000000                                                                    B3000146
10205539814000112041300648601                                 00019671            109000196716             I06010218          00019671            000000000000003560634193690  000000000016600000000000000000000000000000000000000000000000000000000000000000000000003544000000000000000000000000000   01021800000000000000000000000                                                                    AA000147
10205539814000112041300648601                                 00019672            109000196724             I06010218          00019672            000000000000001210503315305  000000000016600000000000000000000000000000000000000000000000000000000000000000000000001193900000000000000000000000000   01021800000000000000000000000                                                                    B3000148
10205539814000112041300648601                                 00019674            109000196740             I06010218          00019674            000000000000002968434184608  000000000016600000000000000000000000000000000000000000000000000000000000000000000000002951800000000000000000000000000   01021800000000000000000000000                                                                    BL000149
10205539814000112041300648601                                 00019675            109000196757             I06010218          00019675            000000000000002865800117699  000000000016600000000000000000000000000000000000000000000000000000000000000000000000002849200000000000000000000000000   01021800000000000000000000000                                                                    B3000150
10205539814000112041300648601                                 00019676            109000196765             I06010218          00019676            000000000000002873700117699  000000000016600000000000000000000000000000000000000000000000000000000000000000000000002857100000000000000000000000000   01021800000000000000000000000                                                                    B3000151
10205539814000112041300648601                                 00019677            109000196773             I06010218          00019677            000000000000000457300117699  000000000016600000000000000000000000000000000000000000000000000000000000000000000000000440700000000000000000000000000   01021800000000000000000000000                                                                    B3000152
10205539814000112041300648601                                 00019678            109000196781             I06010218          00019678            000000000000005613200117699  000000000016600000000000000000000000000000000000000000000000000000000000000000000000005596600000000000000000000000000   01021800000000000000000000000                                                                    B3000153
10205539814000112041300648601                                 00019679            109000196799             I06010218          00019679            000000000000003910500135196  000000000016600000000000000000000000000000000000000000000000000000000000000000000000003893900000000000000000000000000   01021800000000000000000000000                                                                    B3000154
10205539814000112041300648601                                 00019680            109000196807             I06010218          00019680            000000000000021244723734280  000000000016600000000000000000000000000000000000000000000000000000000000000000000000021228100000000000000000000000000   01021800000000000000000000000                                                                    B3000155
10205539814000112041300648601                                 00019683            109000196831             I06010218          00019683            000000000000004994734182024  000000000016600000000000000000000000000000000000000000000000000000000000000000000000004978100000000000000000000000000   01021800000000000000000000000                                                                    CP000156
10205539814000112041300648601                                 00019692            109000196922             I06010218          00019692            000000000000002369200135196  000000000016600000000000000000000000000000000000000000000000000000000000000000000000002352600000000000000000000000000   01021800000000000000000000000                                                                    B3000157
10205539814000112041300648601                                 00019696            109000196963             I06010218          00019696            000000000000002306634191603  000000000016600000000000000000000000000000000000000000000000000000000000000000000000002290000000000000000000000000000   01021800000000000000000000000                                                                    BL000158
10205539814000112041300648601                                 00019697            109000196971             I06010218          00019697            000000000000001618903334496  000000000016600000000000000000000000000000000000000000000000000000000000000000000000001602300000000000000000000000000   01021800000000000000000000000                                                                    B1000159
10205539814000112041300648601                                 00019699            109000196997             I06010218          00019699            000000000000002172423720008  000000000016600000000000000000000000000000000000000000000000000000000000000000000000002155800000000000000000000000000   01021800000000000000000000000                                                                    B3000160
10205539814000112041300648601                                 00019700            109000197003             I06010218          00019700            000000000000003001823770375  000000000016600000000000000000000000000000000000000000000000000000000000000000000000002985200000000000000000000000000   01021800000000000000000000000                                                                    B3000161
10205539814000112041300648601                                 00019702            109000197029             I06010218          00019702            000000000000001387803310538  000000000016600000000000000000000000000000000000000000000000000000000000000000000000001371200000000000000000000000000   01021800000000000000000000000                                                                    B1000162
10205539814000112041300648601                                 00019704            109000197045             I06010218          00019704            000000000000002048200133092  000000000016600000000000000000000000000000000000000000000000000000000000000000000000002031600000000000000000000000000   01021800000000000000000000000                                                                    B3000163
10205539814000112041300648601                                 00019705            109000197052             I06010218          00019705            000000000000001324500133092  000000000016600000000000000000000000000000000000000000000000000000000000000000000000001307900000000000000000000000000   01021800000000000000000000000                                                                    B3000164
10205539814000112041300648601                                 00019706            109000197060             I06010218          00019706            000000000000001774000133092  000000000016600000000000000000000000000000000000000000000000000000000000000000000000001757400000000000000000000000000   01021800000000000000000000000                                                                    B3000165
10205539814000112041300648601                                 00019707            109000197078             I06010218          00019707            000000000000005133534183956  000000000016600000000000000000000000000000000000000000000000000000000000000000000000005116900000000000000000000000000   01021800000000000000000000000                                                                    BL000166
10205539814000112041300648601        CLEAN AMBIENTAL          00019722            109000197227             I06010218000001972200019722            02021800000000797450330215415000000000016600000000000000000000000000000000000000000000000000000000000000000000000007957900000000000000000000000000   01021800000000000000000000000CASA DO ALEMAO INDUSTRIA E COM                                      B1000167
10205539814000112041300648601        CLEAN AMBIENTAL          00019724            109000197243             I06010218000001972400019724            02021800000001469513419144715000000000016600000000000000000000000000000000000000000000000000000000000000000000000014678500000000000000000000000000   01021800000000000000000000000BAR TABERNA SAN SABASTIAN LTDA                                      CK000168
10205539814000112041300648601        CLEAN AMBIENTAL          00019736            109000197367             I06010218000001973600019736            02021800000000236733419291615000000000016600000000000000000000000000000000000000000000000000000000000000000000000002350700000000000000000000000000   01021800000000000000000000000CAFE PARIS DE JACAREPAGUA LTDA                                      AA000169
10205539814000112041300648601        CLEAN AMBIENTAL          00019761            109000197615             I06010218000001976100019761            02021800000000247753415665515000000000016600000000000000000000000000000000000000000000000000000000000000000000000002460900000000000000000000000000   01021800000000000000000000000CASA DOS ACORES                                                     CP000170
10205539814000112041300648601        CLEAN AMBIENTAL          00019764            109000197649             I06010218000001976400019764            02021800000000158420333367015000000000016600000000000000000000000000000000000000000000000000000000000000000000000001567600000000000000000000000000   01021800000000000000000000000VI-KEN LANCHONETE E RESTAURANT                                      B3000171
10205539814000112041300648601        CLEAN AMBIENTAL          00019774            109000197748             I06010218000001977400019774            01021800000000427262373369615000000000016600000000000000000000000000000000000000000000000000000000000000000000000004256000000000000000000000000000   01021800000000000000000000000NOVA GERACAO COMESTIVEIS LTDA                                       B7000172
10205539814000112041300648601        CLEAN AMBIENTAL          00019777            109000197771             I06010218000001977700019777            02021800000000242953410563715000000000016600000000000000000000000000000000000000000000000000000000000000000000000002412900000000000000000000000000   01021800000000000000000000000MINILABO PRODUCOES DE FESTAS E                                      BL000173
10205539814000112041300648601        CLEAN AMBIENTAL          00019819            109000198191             I06010218000001981900019819            03021800000000525791044543515000000000016600000000000000000000000000000000000000000000000000000000000000000000000005241300000000000000000000000000   01021800000000000000000000000FRUTALHA 2003 COMERCIO DE FRUT                                      B5000174
10205539814000112041300648601        CLEAN AMBIENTAL          00019850            109000198506             I06010218000001985000019850            03021800000000210002370436615000000000016600000000000000000000000000000000000000000000000000000000000001500000000001933400000000000000000000000000   01021800000000000000000000000O REI DOS FRANGOS MARITIMOS BA                                      B3000175
10205539814000112041300648601        CLEAN AMBIENTAL          00019861            109000198613             I06010218000001986100019861            03021800000000392600333454615000000000016600000000000000000000000000000000000000000000000000000000000000000000000003909400000000000000000000000000   01021800000000000000000000000COPA 706 LANCHONETE LTDA - EPP                                      B3000176
10205539814000112041300648601        CLEAN AMBIENTAL          00019881            109000198811             I06010218000001988100019881            03021800000000224743419294015000000000016600000000000000000000000000000000000000000000000000000000000000000000000002230800000000000000000000000000   01021800000000000000000000000HIDROLIGHT EQUIPAMENTOSE SERVI                                      CK000177
10205539814000112041300648601        CLEAN AMBIENTAL          00019883            109000198837             I06010218000001988300019883            03021800000000257263410271715000000000016600000000000000000000000000000000000000000000000000000000000000000000000002556000000000000000000000000000   01021800000000000000000000000QUATREME ALIMENTACAO E SERVICO                                      BL000178
10205539814000112041300648601                                 00019908            109000199082             I06010218          00019908            000000000000001339534161580  000000000016600000000000000000000000000000000000000000000000000000000000000000000000001322900000000000000000000000000   01021800000000000000000000000                                                                    CK000179
10205539814000112041300648601                                 00019911            109000199116             I06010218          00019911            000000000000003561434199267  000000000016600000000000000000000000000000000000000000000000000000000000000000000000003544800000000000000000000000000   01021800000000000000000000000                                                                    CP000180
10205539814000112041300648601                                 00019920            109000199207             I06010218          00019920            000000000000001477123720149  000000000016600000000000000000000000000000000000000000000000000000000000000000000000001460500000000000000000000000000   01021800000000000000000000000                                                                    B3000181
10205539814000112041300648601                                 00019921            109000199215             I06010218          00019921            000000000000001928103333506  000000000016600000000000000000000000000000000000000000000000000000000000000000000000001911500000000000000000000000000   01021800000000000000000000000                                                                    B2000182
10205539814000112041300648601                                 00019926            109000199264             I06010218          00019926            000000000000001807934129983  000000000016600000000000000000000000000000000000000000000000000000000000000000000000001791300000000000000000000000000   01021800000000000000000000000                                                                    CK000183
10205539814000112041300648601                                 00019927            109000199272             I06010218          00019927            000000000000003209534103103  000000000016600000000000000000000000000000000000000000000000000000000000000000000000003192900000000000000000000000000   01021800000000000000000000000                                                                    CK000184
10205539814000112041300648601                                 00020036            109000200369             I06010218          00020036            000000000000000989223731229  000000000016600000000000000000000000000000000000000000000000000000000000000000000000000972600000000000000000000000000   01021800000000000000000000000                                                                    B1000185
10205539814000112041300648601        CLEAN AMBIENTAL          00020045            109000200450             I06010218000002004500020045            04021800000000172833418202415000000000016600000000000000000000000000000000000000000000000000000000000000000000000001711700000000000000000000000000   01021800000000000000000000000CLARISSE LIMA E SILVA                                               BL000186
10205539814000112041300648601        CLEAN AMBIENTAL          00020101            109000201011             I06010218000002010100020101            05021800000000094381040168515000000000016600000000000000000000000000000000000000000000000000000000000000000000000000927200000000000000000000000000   01021800000000000000000000000HENRIQUE NEVES LOUREIRO                                             B3000187
10205539814000112041300648601        CLEAN AMBIENTAL          00020269            109000202696             I06010218000002026900020269            06021800000000231052377097915000000000016600000000000000000000000000000000000000000000000000000000000000000000000002293900000000000000000000000000   01021800000000000000000000000IGREJA BATISTA DE BARAO DA TAQ                                      B1000188
10205539814000112041300648601        CLEAN AMBIENTAL          00020282            109000202829             I06010218000002028200020282            06021800000000267113417190215000000000016600000000000000000000000000000000000000000000000000000000000000000000000002654500000000000000000000000000   01021800000000000000000000000DROGARIA MONTANA LTDA - EPP                                         CK000189
10205539814000112041300648601                                 00020390            109000203900             I06010218          00020390            000000000000002289503330635  000000000016600000000000000000000000000000000000000000000000000000000000000000000000002272900000000000000000000000000   01021800000000000000000000000                                                                    B1000190
10205539814000112041300648601                                 00020402            109000204023             I06010218          00020402            000000000000003436834155772  000000000016600000000000000000000000000000000000000000000000000000000000000000000000003420200000000000000000000000000   01021800000000000000000000000                                                                    CP000191
10205539814000112041300648601                                 00020463            109000204635             I06010218          00020463            000000000000002403310401859  000000000016600000000000000000000000000000000000000000000000000000000000000000000000002386700000000000000000000000000   01021800000000000000000000000                                                                    B3000192
10205539814000112041300648601                                 00020611            109000206119             I06010218          00020611            000000000000001646834192379  000000000016600000000000000000000000000000000000000000000000000000000000000000000000001630200000000000000000000000000   01021800000000000000000000000                                                                    CP000193
10205539814000112041300648601                                 00020612            109000206127             I06010218          00020612            000000000000001230223724901  000000000016600000000000000000000000000000000000000000000000000000000000000000000000001213600000000000000000000000000   01021800000000000000000000000                                                                    B1000194
10205539814000112041300648601                                 00020667            109000206671             I06010218          00020667            000000000000001596834130718  000000000016600000000000000000000000000000000000000000000000000000000000000000000000001580200000000000000000000000000   01021800000000000000000000000                                                                    BL000195
10205539814000112041300648601        CLEAN AMBIENTAL          00001410            109000014109             I09010218000000141000001410            08121700000001789343417788315000000000016600000000000000000000000000000000000000000000000000000000000000000000000000016600000000000000000000000000         00000000000000000000000CONDOMINIO DO EDIFICIO PLAZA O                                        000196
10205539814000112041300648601        CLEAN AMBIENTAL          00005731            109000057314             I09010218000000573100005731            08121700000000345003417788315000000000016600000000000000000000000000000000000000000000000000000000000000000000000000016600000000000000000000000000         00000000000000000000000BAR X LTDA                                                            000197
10205539814000112041300648601        CLEAN AMBIENTAL          00007937            109000079375             I09010218000000793700007937            08121700000000126313417788315000000000016600000000000000000000000000000000000000000000000000000000000000000000000000016600000000000000000000000000         00000000000000000000000RL LANCHES LTDA - ME                                                  000198
10205539814000112041300648601        CLEAN AMBIENTAL          00009869            109000098698             I09010218000000986900009869            08121700000001865273417788315000000000016600000000000000000000000000000000000000000000000000000000000000000000000000016600000000000000000000000000         00000000000000000000000RBX RIO COMERCIO DE ROUPAS S.A                                        000199
10205539814000112041300648601        CLEAN AMBIENTAL          00010533            109000105337             I09010218000001053300010533            08121700000000128423417788315000000000016600000000000000000000000000000000000000000000000000000000000000000000000000016600000000000000000000000000         00000000000000000000000CARLOS ADENILSON DE CARVALHO H                                        000200
10205539814000112041300648601        CLEAN AMBIENTAL          00011076            109000110766             I09010218000001107600011076            08121700000000526323417788315000000000016600000000000000000000000000000000000000000000000000000000000000000000000000016600000000000000000000000000         00000000000000000000000PADARIA E CONFEITARIA DUAS LUC                                        000201
10205539814000112041300648601        CLEAN AMBIENTAL          00011594            109000115948             I09010218000001159400011594            08121700000000739203417788315000000000016600000000000000000000000000000000000000000000000000000000000000000000000000016600000000000000000000000000         00000000000000000000000CAFE PONTO DO RIACHUELO LTDA                                          000202
10205539814000112041300648601        CLEAN AMBIENTAL          00011603            109000116037             I09010218000001160300011603            08121700000002654473417788315000000000016600000000000000000000000000000000000000000000000000000000000000000000000000016600000000000000000000000000         00000000000000000000000BANCO BRADESCO S/A                                                    000203
10205539814000112041300648601        CLEAN AMBIENTAL          00011642            109000116425             I09010218000001164200011642            08121700000000849113417788315000000000016600000000000000000000000000000000000000000000000000000000000000000000000000016600000000000000000000000000         00000000000000000000000COLEGIO BRASILEIRO DE SAO CRIS                                        000204
10205539814000112041300648601        CLEAN AMBIENTAL          00011720            109000117209             I09010218000001172000011720            08121700000000126313417788315000000000016600000000000000000000000000000000000000000000000000000000000000000000000000016600000000000000000000000000         00000000000000000000000RL LANCHES LTDA - ME                                                  000205
10205539814000112041300648601        CLEAN AMBIENTAL          00012066            109000120666             I09010218000001206600012066            08121700000000352373417788315000000000016600000000000000000000000000000000000000000000000000000000000000000000000000016600000000000000000000000000         00000000000000000000000GULA GRILL RESTAURANTE LTDA                                           000206
10205539814000112041300648601        CLEAN AMBIENTAL          00012067            109000120674             I09010218000001206700012067            08121700000000459743417788315000000000016600000000000000000000000000000000000000000000000000000000000000000000000000016600000000000000000000000000         00000000000000000000000JAPITA STORE RESTAURANTE LTDA                                         000207
10205539814000112041300648601        CLEAN AMBIENTAL          00012068            109000120682             I09010218000001206800012068            08121700000000983163417788315000000000016600000000000000000000000000000000000000000000000000000000000000000000000000016600000000000000000000000000         00000000000000000000000HOTEL DEBRET LTDA - EPP                                               000208
10205539814000112041300648601        CLEAN AMBIENTAL          00012085            109000120856             I09010218000001208500012085            08121700000000495753417788315000000000016600000000000000000000000000000000000000000000000000000000000000000000000000016600000000000000000000000000         00000000000000000000000HOSPEDAGEM LAGARTO'S LTDA                                             000209
10205539814000112041300648601        CLEAN AMBIENTAL          00012110            109000121102             I09010218000001211000012110            08121700000000181843417788315000000000016600000000000000000000000000000000000000000000000000000000000000000000000000016600000000000000000000000000         00000000000000000000000FRANGOLACO DE BANGU RESTAURANT                                        000210
10205539814000112041300648601        CLEAN AMBIENTAL          00012126            109000121268             I09010218000001212600012126            08121700000000341843417788315000000000016600000000000000000000000000000000000000000000000000000000000000000000000000016600000000000000000000000000         00000000000000000000000LANCHONETE LUIZ DE CAMOES LTDA                                        000211
10205539814000112041300648601        CLEAN AMBIENTAL          00012127            109000121276             I09010218000001212700012127            08121700000000163423417788315000000000016600000000000000000000000000000000000000000000000000000000000000000000000000016600000000000000000000000000         00000000000000000000000THIAGO RICARDO DA SILVA                                               000212
10205539814000112041300648601        CLEAN AMBIENTAL          00012143            109000121433             I09010218000001214300012143            08121700000000141843417788315000000000016600000000000000000000000000000000000000000000000000000000000000000000000000016600000000000000000000000000         00000000000000000000000JAURU MANIA LANCHONETE E PIZZA                                        000213
10205539814000112041300648601        CLEAN AMBIENTAL          00012147            109000121474             I09010218000001214700012147            08121700000000256473417788315000000000016600000000000000000000000000000000000000000000000000000000000000000000000000016600000000000000000000000000         00000000000000000000000LOURENCO\'S CHURRASCARIA E PIZ                                        000214
10205539814000112041300648601        CLEAN AMBIENTAL          00012151            109000121516             I09010218000001215100012151            08121700000000131323417788315000000000016600000000000000000000000000000000000000000000000000000000000000000000000000016600000000000000000000000000         00000000000000000000000RESTAURANTE QUINTAL DO MEIER L                                        000215
10205539814000112041300648601                                 47856424            156478564248             I02010218093834    47856424            100218000000003500034128977  000000000000000000000000000000000000000000000000000000000000000000000000000000000000000000000000000000000000000000000         00000000000000000000000CAJU WAY LANCHONETE EIRELI - E                                        000216
10205539814000112041300648601                                 47124421            156471244210             I0901021812128     47124421            081217000000001400034177883  000000000000000000000000000000000000000000000000000000000000000000000000000000000000000000000000000000000000000000000         00000000000000000000000CONDOMINIO DO EDIFICIO EMPRESA                                        000217
10205539814000112041300648601                                 20358395            157203583958             I04010218097041    20358395            150218000000012773734128977  000000000000000000000000000000000000000000000000000000000000000000000000000000000000000000000000000000000000000000000         00000000000000000000000BROCKTON INDUSTRIA E COMERCIO                                         000218
10205539814000112041300648601                                 20934584            157209345840             I02010218048232    20934584            020218000000005055034128977  000000000000000000000000000000000000000000000000000000000000000000000000000000000000000000000000000000000000000000000         00000000000000000000000PALATOS BUFE EIRELI - ME                                              000219
10205539814000112041300648601                                 20943895            157209438959             I02010218100365/01 20943895            050218000000001578934128977  000000000000000000000000000000000000000000000000000000000000000000000000000000000000000000000000000000000000000000000         00000000000000000000000PARRILLA CARIOCA LTDA - ME                                            000220
10205539814000112041300648601                                 20945631            157209456316             I02010218100365/TOT20945631            280218000000004931634128977  000000000000000000000000000000000000000000000000000000000000000000000000000000000000000000000000000000000000000000000         00000000000000000000000PARRILLA CARIOCA LTDA - ME                                            000221
10205539814000112041300648601                                 21055991            157210559918             I02010218032447    21055991            020218000000000369434128977  000000000000000000000000000000000000000000000000000000000000000000000000000000000000000000000000000000000000000000000         00000000000000000000000MONTE ALEGRE BAR E CONFEITARIA                                        000222
10205539814000112041300648601                                 21121493            157211214935             I02010218029506    21121493            050218000000004786234128977  000000000000000000000000000000000000000000000000000000000000000000000000000000000000000000000000000000000000000000000         00000000000000000000000RESTAURANTE LICEU LTDA                                                000223
10205539814000112041300648601                                 21157504            157211575046             I02010218097196/01 21157504            050218000000001278934128977  000000000000000000000000000000000000000000000000000000000000000000000000000000000000000000000000000000000000000000000         00000000000000000000000EMPORIO SANTA OLIVA EIRELI                                            000224
10205539814000112041300648601                                 21158311            157211583115             I02010218097196/02 21158311            050218000000001231634128977  000000000000000000000000000000000000000000000000000000000000000000000000000000000000000000000000000000000000000000000         00000000000000000000000EMPORIO SANTA OLIVA EIRELI                                            000225
10205539814000112041300648601                                 21180968            157211809684             I02010218096323.4  21180968            020218000000003033734128977  000000000000000000000000000000000000000000000000000000000000000000000000000000000000000000000000000000000000000000000         00000000000000000000000CONDOMINIO DO EDIFICIO CELESTE                                        000226
10205539814000112041300648601                                 18142772            157181427723             I06010218093712.3  18142772            010218000000002610510413268  000000000000000000000000000000000000000000000000000000000000000000000000000000000000002610500000000000000000000000000   01021800000000000000000000000CAFE E BAR BEBADELA LTDA - ME                                       B5000227
10205539814000112041300648601                                 18886022            157188860223             I06010218100468.1  18886022            290118000000004471134182024  000000000000000000000000000000000000000000000000000000000000000000000000000000000000004515500000000004440000000000000   01021800000000000000000000000HORTI FRUT ZONA OESTE LTDA - M                                      CP000228
10205539814000112041300648601                                 20934584            157209345840             I06010218048232    20934584            020218000000005055023726062  000000000000000000000000000000000000000000000000000000000000000000000000000000000000005055000000000000000000000000000   01021800000000000000000000000PALATOS BUFE EIRELI - ME                                            B3000229
10205539814000112041300648601                                 97003394            157970033948             I09010218092693/7  97003394            081217000000003157934177883  000000000000000000000000000000000000000000000000000000000000000000000000000000000000000000000000000000000000000000000         00000000000000000000000HORTIFRUTI E MERCEARIA SANTA C                                        000230
9201341          000000000000000000000000000000          000000000000000000000000000000                                                  000000000000000000000000000000          0000230900000128059664  01/02S018440000022900000012092116                                                                                                                                                                000231
