02RETORNO01COBRANCA       581300051470        EKO TRANSP RECO RESIDUOS LTDA 341BANCO ITAU S.A.02032101600BPI00462030321                                                                                                                                                                                                                                                                                   000001
10218210554000189581300051470        ECO CLEAN                00317305            109003173054             I02020321000031730500317305            28022100000000001003411282308000000000000000000000000000000000000000000000000000000000000000000000000000000000000000000000000000000000000000000000         00000000000000000000000PATRICIA TORRES LOBITZKI MARTI                                        000002
10218210554000189581300051470        ECO CLEAN                00317305            109003173054             I75020321000031730500317305            28022100000000000003411282308000000000000000000000000000000000000000000000000000000000000000000000000000000000000000000000000000000000000000000000         00000000000000000000000PATRICIA TORRES LOBITZKI MARTI                                        000003
9201341          000000000000000000000000000000          000000000000000000000000000000                                                  000000000000000000000000000000          0000000300000000052100  03/03S004620000000200000000000100                                                                                                                                                                000004
