02RETORNO01COBRANCA       600900382117        PADRAO AMBIENTAL COLETA       341BANCO ITAU S.A.02011801600BPI01098020118                                                                                                                                                                                                                                                                                   000001
10213647096000126600900382117                                 01620524            109016205246             I06020118          01620524            000000000000009197834156317  000000000017000000000000000000000000000000000000000000000000000000000000000000000000009180800000000000000000000000000   02011800000000000000000000000                                                                    Q0000002
10213647096000126600900382117        PADRAO AMBIENTAL COLETA E01639983            109016399833             I06020118000163998301639983            12121700000000099111041024915000000000017000000000000000000000000000000000000000000000000000000000000000000000000001060200000000008610000000000000   02011800000000000000000000000CLINICA VETERINARIA DANIEL BUS                                      B3000003
10213647096000126600900382117        PADRAO AMBIENTAL COLETA E02296375            109022963754             I06020118000229637502296375            01011800000000373030334677115000000000017000000000000000000000000000000000000000000000000000000000000000000000000003713300000000000000000000000000   02011800000000000000000000000COND.DE CONTR.DO ED.RENE MAGRI                                      B1000004
10213647096000126600900382117        PADRAO AMBIENTAL COLETA E02373366            109023733669             I06020118000237336602373366            30121700000000108644220006715000000000017000000000000000000000000000000000000000000000000000000000000000000000000001069400000000000000000000000000   02011800000000000000000000000CASAS GUANABARA COMESTIVEIS LT                                      B7000005
10213647096000126600900382117        PADRAO AMBIENTAL COLETA E02523357            109025233577             I06020118000252335702523357            30121700000000508743417869115000000000017000000000000000000000000000000000000000000000000000000000000000000000000005070400000000000000000000000000   02011800000000000000000000000CONDOMINIO DO EDIFICIO COMERCI                                      CP000006
10213647096000126600900382117        PADRAO AMBIENTAL COLETA E02621948            109026219484             I06020118000262194802621948            29121700000000162893410370715000000000017000000000000000000000000000000000000000000000000000000000000000000000000001611900000000000000000000000000   02011800000000000000000000000AQUARIUS ESPACO HOLISTICO LTDA                                      Q0000007
10213647096000126600900382117        PADRAO AMBIENTAL COLETA E03049925            109030499254             I06020118000304992503049925            01011800000000213963416180415000000000017000000000000000000000000000000000000000000000000000000000000000000000000002122600000000000000000000000000   02011800000000000000000000000J PINHEIRO MATERIAIS MEDICOS E                                      Q0000008
10213647096000126600900382117        PADRAO AMBIENTAL COLETA E03071427            109030714272             I06020118000307142703071427            30121700000000062090331643615000000000017000000000000000000000000000000000000000000000000000000000000000000000000000603900000000000000000000000000   02011800000000000000000000000KARLA ALVES PEQUENO CARRARA                                         B3000009
10213647096000126600900382117        PADRAO AMBIENTAL COLETA E90357701            109903577012             I06020118009035770190357701            05011800000000052631040208915000000000017000000000000000000000000000000000000000000000000000000000000000000000000000509300000000000000000000000000   02011800000000000000000000000MAX SANDRO MACHADO LOPES                                            B5000010
10213647096000126600900382117        PADRAO AMBIENTAL COLETA E90388403            109903884038             I06020118009038840390388403            01011800000000225263418987015000000000017000000000000000000000000000000000000000000000000000000000000000000000000002235600000000000000000000000000   02011800000000000000000000000PET VERDE CLINICA VETERINARIA                                       CP000011
10213647096000126600900382117        PADRAO AMBIENTAL COLETA E92056325            109920563250             I06020118009205632592056325            30121700000001085003415665515000000000017000000000000000000000000000000000000000000000000000000000000000000000000010833000000000000000000000000000   02011800000000000000000000000SINAL VITAL COMERCIAL DE PRODU                                      CK000012
10213647096000126600900382117        PADRAO AMBIENTAL COLETA E93112628            109931126287             I06020118009311262893112628            30121700000000067041042973615000000000017000000000000000000000000000000000000000000000000000000000000000000000000000653400000000000000000000000000   02011800000000000000000000000PLASMA LABORATORIO DE ANALISES                                      B3000013
10213647096000126600900382117        PADRAO AMBIENTAL COLETA E93135429            109931354293             I06020118009313542993135429            01011800000004159980013455315000000000017000000000000000000000000000000000000000000000000000000000000000000000000041582800000000000000000000000000   02011800000000000000000000000CEI - COMERCIO EXPORTACAO IMP.                                      B3000014
10213647096000126600900382117        PADRAO AMBIENTAL COLETA E93135627            109931356272             I06020118009313562793135627            29121700000000060933418582915000000000017000000000000000000000000000000000000000000000000000000000000000000000000000592300000000000000000000000000   02011800000000000000000000000MAGIC NAILS COMERCIO DE COSMET                                      CK000015
10213647096000126600900382117        PADRAO AMBIENTAL COLETA E93138417            109931384175             I06020118009313841793138417            30121700000000186853418340215000000000017000000000000000000000000000000000000000000000000000000000000000000000000001851500000000000000000000000000   02011800000000000000000000000LABORATORIOS MEDICOS DR ELIEL                                       CP000016
10213647096000126600900382117        PADRAO AMBIENTAL COLETA E93148523            109931485238             I06020118009314852393148523            30121700000000330533410059615000000000017000000000000000000000000000000000000000000000000000000000000000000000000003288300000000000000000000000000   02011800000000000000000000000BRH SAUDE OCUPACIONAL LTDA                                          CK000017
10213647096000126600900382117        PADRAO AMBIENTAL COLETA E93161725            109931617251             I06020118009316172593161725            01011800000000227130330057015000000000017000000000000000000000000000000000000000000000000000000000000000000000000002254300000000000000000000000000   02011800000000000000000000000CONDOMINIO PUNTO OFFICCES                                           B7000018
10213647096000126600900382117        PADRAO AMBIENTAL COLETA E93177622            109931776222             I06020118009317762293177622            29121700000000187891041025615000000000017000000000000000000000000000000000000000000000000000000000000000000000000001861900000000000000000000000000   02011800000000000000000000000CLINICA ODONTOLOGICA BRUNO MAR                                      B5000019
10213647096000126600900382117                                 93186822            109931868227             I06020118          93186822            000000000000000913634145617  000000000017000000000000000000000000000000000000000000000000000000000000000000000000000896600000000000000000000000000   02011800000000000000000000000                                                                    CP000020
10213647096000126600900382117        PADRAO AMBIENTAL COLETA E93196013            109931960131             I06020118009319601393196013            02011800000000235373418991215000000000017000000000000000000000000000000000000000000000000000000000000000000000000002336700000000000000000000000000   02011800000000000000000000000CONDOMINIO DO EDIFICIO RENA                                         CP000021
10213647096000126600900382117        PADRAO AMBIENTAL COLETA E93196313            109931963135             I06020118009319631393196313            01011800000000115322372539515000000000017000000000000000000000000000000000000000000000000000000000000000000000000001136200000000000000000000000000   02011800000000000000000000000CLUB PET DAYCARE SPA E HOSPEDA                                      B3000022
10213647096000126600900382117        PADRAO AMBIENTAL COLETA E93198812            109931988124             I06020118009319881293198812            30121700000000033052370541315000000000017000000000000000000000000000000000000000000000000000000000000000000000000000313500000000000000000000000000   02011800000000000000000000000DOUTORA GISELE SALIM E DOUTORA                                      B3000023
10213647096000126600900382117        PADRAO AMBIENTAL COLETA E93205321            109932053217             I06020118009320532193205321            01011800000000157183417499715000000000017000000000000000000000000000000000000000000000000000000000000000000000000001554800000000000000000000000000   02011800000000000000000000000NUCLEO ODONTOLOGICO INTEGRADO                                       BL000024
10213647096000126600900382117        PADRAO AMBIENTAL COLETA E93207516            109932075160             I06020118009320751693207516            30101700000000175572371546115000000000000000000000000000000000000000000000000000000000000000000000000000500000000001705700000000000000000000000000   02011800000000000000000000000CENTRO MEDICO DE DIAGNOSTICO D                                      B3000025
10213647096000126600900382117        PADRAO AMBIENTAL COLETA E93207517            109932075178             I06020118009320751793207517            30111700000000121172371546115000000000017000000000000000000000000000000000000000000000000000000000000000500000000001144700000000000000000000000000   02011800000000000000000000000CENTRO MEDICO DE DIAGNOSTICO D                                      B3000026
10213647096000126600900382117        PADRAO AMBIENTAL COLETA E93207518            109932075186             I06020118009320751893207518            30121700000000175572371546115000000000017000000000000000000000000000000000000000000000000000000000000000000000000001738700000000000000000000000000   02011800000000000000000000000CENTRO MEDICO DE DIAGNOSTICO D                                      B3000027
10213647096000126600900382117        PADRAO AMBIENTAL COLETA E93208217            109932082174             I06020118009320821793208217            30121700000000094610331522215000000000017000000000000000000000000000000000000000000000000000000000000000000000000000929100000000000000000000000000   02011800000000000000000000000ADRIANA DE ANDRADE ABBAS                                            B3000028
10213647096000126600900382117        PADRAO AMBIENTAL COLETA E93251014            109932510141             I06020118009325101493251014            30121700000000032910330787215000000000017000000000000000000000000000000000000000000000000000000000000000000000000000312100000000000000000000000000   02011800000000000000000000000PROTWORK MATERIAIS CIRURGICOS                                       B3000029
10213647096000126600900382117        PADRAO AMBIENTAL COLETA E93251213            109932512139             I06020118009325121393251213            01011800000000100620010093515000000000017000000000000000000000000000000000000000000000000000000000000000000000000000989200000000000000000000000000   02011800000000000000000000000LYT ARTIGOS PARA ANIMAIS E PET                                      B3000030
10213647096000126600900382117        PADRAO AMBIENTAL COLETA E93271315            109932713158             I06020118009327131593271315            27121700000000100120333262315000000000017000000000000000000000000000000000000000000000000000000000000000000000000001012200000000002800000000000000   02011800000000000000000000000ROBERTA CARDOSO DE SOUSA                                            B3000031
10213647096000126600900382117        PADRAO AMBIENTAL COLETA E93276016            109932760167             I06020118009327601693276016            29121700000000216823419237915000000000017000000000000000000000000000000000000000000000000000000000000000000000000002151200000000000000000000000000   02011800000000000000000000000AUTO MECANICA CARVALHO RAMOS L                                      CP000032
10213647096000126600900382117                                 93276615            109932766156             I06020118          93276615            000000000000021844303330635  000000000017000000000000000000000000000000000000000000000000000000000000000000000000021827300000000000000000000000000   02011800000000000000000000000                                                                    B7000033
10213647096000126600900382117                                 93282116            109932821167             I06020118          93282116            000000000000000516810441475  000000000017000000000000000000000000000000000000000000000000000000000000000000000000000499800000000000000000000000000   02011800000000000000000000000                                                                    B5000034
10213647096000126600900382117                                 93282118            109932821183             I06020118          93282118            000000000000000516810441475  000000000017000000000000000000000000000000000000000000000000000000000000000000000000000499800000000000000000000000000   02011800000000000000000000000                                                                    B5000035
10213647096000126600900382117        PADRAO AMBIENTAL COLETA E93344109            109933441098             I06020118009334410993344109            26111700000000086053418467315000000000017000000000000000000000000000000000000000000000000000000000000000000000000000986500000000014300000000000000   02011800000000000000000000000FARMACIA NOSSA SENHORA DA CONC                                      CP000036
10213647096000126600900382117                                 93344110            109933441106             I06020118          93344110            000000000000000860534184673  000000000017000000000000000000000000000000000000000000000000000000000000000000000000000887900000000004440000000000000   02011800000000000000000000000                                                                    CP000037
10213647096000126600900382117        PADRAO AMBIENTAL COLETA E93365405            109933654054             I06020118009336540593365405            01011800000000075531040204815000000000017000000000000000000000000000000000000000000000000000000000000000000000000000738300000000000000000000000000   02011800000000000000000000000RADAC TATTOO EIRELLI ME                                             B5000038
10213647096000126600900382117                                 93368903            109933689035             I06020118          93368903            000000000000000576334192924  000000000017000000000000000000000000000000000000000000000000000000000000000000000000000593800000000003450000000000000   02011800000000000000000000000                                                                    CP000039
10213647096000126600900382117        PADRAO AMBIENTAL COLETA E93373304            109933733049             I06020118009337330493373304            21111700000000070512370541315000000000017000000000000000000000000000000000000000000000000000000000000000000000000000819800000000013170000000000000   02011800000000000000000000000NOVA KENNEL COMERCIO E PRODUTO                                      B3000040
10213647096000126600900382117        PADRAO AMBIENTAL COLETA E93373305            109933733056             I06020118009337330593373305            21121700000000071842370541315000000000017000000000000000000000000000000000000000000000000000000000000000000000000000749400000000004800000000000000   02011800000000000000000000000NOVA KENNEL COMERCIO E PRODUTO                                      B3000041
10213647096000126600900382117        PADRAO AMBIENTAL COLETA E93373605            109933736059             I06020118009337360593373605            01011800000000167113415665515000000000017000000000000000000000000000000000000000000000000000000000000000000000000001654100000000000000000000000000   02011800000000000000000000000CURA ATIVA DUQUE DE CAXIAS SER                                      CP000042
10213647096000126600900382117        PADRAO AMBIENTAL COLETA E93411711            109934117119             I06020118009341171193411711            22121700000000098683410358215000000000017000000000000000000000000000000000000000000000000000000000000000000000000001032400000000006260000000000000   02011800000000000000000000000CLINICA VETERINARIA REALENGO S                                      CP000043
10213647096000126600900382117                                 93504101            109935041011             I06020118          93504101            000000000000000668510402253  000000000017000000000000000000000000000000000000000000000000000000000000000000000000000651500000000000000000000000000   02011800000000000000000000000                                                                    B5000044
10213647096000126600900382117        PADRAO AMBIENTAL COLETA E93523405            109935234053             I06020118009352340593523405            01011800000000030003411526315000000000017000000000000000000000000000000000000000000000000000000000000000000000000000283000000000000000000000000000   02011800000000000000000000000MARCELI SILVEIRA DA CUNHA                                           CP000045
10213647096000126600900382117        PADRAO AMBIENTAL COLETA E93558208            109935582089             I06020118009355820893558208            28121700000000083950012784715000000000017000000000000000000000000000000000000000000000000000000000000000000000000000855800000000003330000000000000   02011800000000000000000000000CEMV CLINICA ESPECIALIZADA MED                                      B6000046
10213647096000126600900382117                                 93575403            109935754035             I06020118          93575403            000000000000002651603301248  000000000017000000000000000000000000000000000000000000000000000000000000000000000000002634600000000000000000000000000   02011800000000000000000000000                                                                    B3000047
10213647096000126600900382117        PADRAO AMBIENTAL COLETA E93580603            109935806033             I06020118          93580603            00000000000000070532370406915000000000017000000000000000000000000000000000000000000000000000000000000000000000000000688300000000000000000000000000   02011800000000000000000000000                                                                    B3000048
10213647096000126600900382117        PADRAO AMBIENTAL COLETA E99738304            109997383046             I06020118009973830499738304            02011800000000086053418586015000000000017000000000000000000000000000000000000000000000000000000000000000000000000000843500000000000000000000000000   02011800000000000000000000000ESPACO CENTRAL DE PODOLOGIA LT                                      Q0000049
10213647096000126600900382117        PADRAO AMBIENTAL COLETA E99814603            109998146038             I06020118009981460399814603            21121700000000068162371700415000000000017000000000000000000000000000000000000000000000000000000000000000500000000000614600000000000000000000000000   02011800000000000000000000000MONIQUE MOREIRA DE MOURA                                            B3000050
10213647096000126600900382117                                 99838506            109998385065             I06020118          99838506            000000000000000755334104853  000000000017000000000000000000000000000000000000000000000000000000000000000000000000000780400000000004210000000000000   02011800000000000000000000000                                                                    CP000051
10213647096000126600900382117        PADRAO AMBIENTAL COLETA E99910604            109999106049             I06020118009991060499910604            02011800000000089210013519615000000000017000000000000000000000000000000000000000000000000000000000000000000000000000875100000000000000000000000000   02011800000000000000000000000SUMMER HAIR CABELEREIROS LTDA                                       B3000052
10213647096000126600900382117        PADRAO AMBIENTAL COLETA E02999326            109029993267             I09020118000299932602999326            07111700000000146113417788315000000000017000000000000000000000000000000000000000000000000000000000000000000000000000017000000000000000000000000000         00000000000000000000000LSTZ CONSULTORIO ODONTOLOGICO                                         000053
10213647096000126600900382117        PADRAO AMBIENTAL COLETA E93198607            109931986078             I09020118009319860793198607            07111700000000047363417788315000000000017000000000000000000000000000000000000000000000000000000000000000000000000000017000000000000000000000000000         00000000000000000000000MAURO SERGIO DE ASSIS BRASIL                                          000054
10213647096000126600900382117        PADRAO AMBIENTAL COLETA E93210519            109932105199             I09020118009321051993210519            08111700000000083593417788315000000000017000000000000000000000000000000000000000000000000000000000000000000000000000017000000000000000000000000000         00000000000000000000000CASA DE REPOUSO RECANTO DO IDO                                        000055
10213647096000126600900382117        PADRAO AMBIENTAL COLETA E93282316            109932823163             I09020118009328231693282316            08111700000000121173417788315000000000017000000000000000000000000000000000000000000000000000000000000000000000000000017000000000000000000000000000         00000000000000000000000LEONARDO COSENDEY SILVA                                               000056
10213647096000126600900382117        PADRAO AMBIENTAL COLETA E93284913            109932849135             I09020118009328491393284913            07111700000000031583417788315000000000017000000000000000000000000000000000000000000000000000000000000000000000000000017000000000000000000000000000         00000000000000000000000FARMASHOPINGVET COMERCIO E MAN                                        000057
10213647096000126600900382117        PADRAO AMBIENTAL COLETA E93353606            109933536061             I09020118009335360693353606            06111700000000118423417788315000000000017000000000000000000000000000000000000000000000000000000000000000000000000000017000000000000000000000000000         00000000000000000000000DRA ROSANE BATISTA SOUZA                                              000058
10213647096000126600900382117        PADRAO AMBIENTAL COLETA E93357503            109933575036             I09020118009335750393357503            08111700000000086143417788315000000000017000000000000000000000000000000000000000000000000000000000000000000000000000017000000000000000000000000000         00000000000000000000000PRISCILLA SARLOS DA SILVEIRA                                          000059
10213647096000126600900382117        PADRAO AMBIENTAL COLETA E93368002            109933680026             I09020118009336800293368002            08111700000000068163417788315000000000017000000000000000000000000000000000000000000000000000000000000000000000000000017000000000000000000000000000         00000000000000000000000BARBEARIA HAIR E ESTETIA LTDA                                         000060
10213647096000126600900382117        PADRAO AMBIENTAL COLETA E93368801            109933688011             I09020118009336880193368801            06111700000002012993417788315000000000017000000000000000000000000000000000000000000000000000000000000000000000000000017000000000000000000000000000         00000000000000000000000MULTI LIMP MATERIAIS DE LIMPEZ                                        000061
10213647096000126600900382117        PADRAO AMBIENTAL COLETA E93374803            109933748039             I09020118009337480393374803            08111700000000031583417788315000000000017000000000000000000000000000000000000000000000000000000000000000000000000000017000000000000000000000000000         00000000000000000000000FARMACIA ADONAI LTDA ME                                               000062
10213647096000126600900382117        PADRAO AMBIENTAL COLETA E93419803            109934198036             I09020118009341980393419803            08111700000000068163417788315000000000017000000000000000000000000000000000000000000000000000000000000000000000000000017000000000000000000000000000         00000000000000000000000LEONARDO BARROSO DE SOUZA                                             000063
10213647096000126600900382117        PADRAO AMBIENTAL COLETA E93426303            109934263038             I09020118009342630393426303            05111700000000073423417788315000000000017000000000000000000000000000000000000000000000000000000000000000000000000000017000000000000000000000000000         00000000000000000000000AGNALDO LUZ SILVA                                                     000064
10213647096000126600900382117        PADRAO AMBIENTAL COLETA E93427602            109934276022             I09020118009342760293427602            06111700000000065003417788315000000000017000000000000000000000000000000000000000000000000000000000000000000000000000017000000000000000000000000000         00000000000000000000000JAI PARLE AU COIFFEUR CABELERE                                        000065
10213647096000126600900382117        PADRAO AMBIENTAL COLETA E93427702            109934277020             I09020118009342770293427702            06111700000000065003417788315000000000017000000000000000000000000000000000000000000000000000000000000000000000000000017000000000000000000000000000         00000000000000000000000SALAO DE CABELEREIRO PASSO CER                                        000066
10213647096000126600900382117        PADRAO AMBIENTAL COLETA E93429003            109934290031             I09020118009342900393429003            07111700000000052633417788315000000000017000000000000000000000000000000000000000000000000000000000000000000000000000017000000000000000000000000000         00000000000000000000000WALLACE MACHADO FRANCISCO                                             000067
10213647096000126600900382117        PADRAO AMBIENTAL COLETA E93456203            109934562033             I09020118009345620393456203            08111700000000071843417788315000000000017000000000000000000000000000000000000000000000000000000000000000000000000000017000000000000000000000000000         00000000000000000000000CLEUZA'S CABELEREIROS LTDA ME                                         000068
10213647096000126600900382117        PADRAO AMBIENTAL COLETA E93510404            109935104041             I09020118009351040493510404            07111700000000117633417788315000000000017000000000000000000000000000000000000000000000000000000000000000000000000000017000000000000000000000000000         00000000000000000000000BOTTINO MATERIAIS DE CONSTRUCA                                        000069
10213647096000126600900382117        PADRAO AMBIENTAL COLETA E93515805            109935158054             I09020118009351580593515805            08111700000000078683417788315000000000017000000000000000000000000000000000000000000000000000000000000000000000000000017000000000000000000000000000         00000000000000000000000SHIGIDI COIFFEUR LTDA ME                                              000070
10213647096000126600900382117        PADRAO AMBIENTAL COLETA E93532905            109935329051             I09020118009353290593532905            05111700000000063163417788315000000000017000000000000000000000000000000000000000000000000000000000000000000000000000017000000000000000000000000000         00000000000000000000000CLINICA DENTARIA SAUDE SORRISO                                        000071
10213647096000126600900382117        PADRAO AMBIENTAL COLETA E93555906            109935559061             I09020118009355590693555906            07111700000000060003417788315000000000017000000000000000000000000000000000000000000000000000000000000000000000000000017000000000000000000000000000         00000000000000000000000DR LUIZ PHELLIPE FERNANDES MOF                                        000072
10213647096000126600900382117        PADRAO AMBIENTAL COLETA E93556006            109935560069             I09020118009355600693556006            06111700000000078683417788315000000000017000000000000000000000000000000000000000000000000000000000000000000000000000017000000000000000000000000000         00000000000000000000000RECANTO DO IDOSO RIBEIRO LTDA                                         000073
10213647096000126600900382117        PADRAO AMBIENTAL COLETA E93559706            109935597061             I09020118009355970693559706            06111700000000082373417788315000000000017000000000000000000000000000000000000000000000000000000000000000000000000000017000000000000000000000000000         00000000000000000000000CLINICA SHOPPING DO DENTE LTDA                                        000074
10213647096000126600900382117        PADRAO AMBIENTAL COLETA E93563002            109935630029             I09020118009356300293563002            06111700000000052633417788315000000000017000000000000000000000000000000000000000000000000000000000000000000000000000017000000000000000000000000000         00000000000000000000000ROGERIO DE SOUZA BREVE                                                000075
10213647096000126600900382117        PADRAO AMBIENTAL COLETA E93571004            109935710045             I09020118009357100493571004            07111700000000068163417788315000000000017000000000000000000000000000000000000000000000000000000000000000000000000000017000000000000000000000000000         00000000000000000000000FABI CABELEIREIROS LTDA ME                                            000076
10213647096000126600900382117        PADRAO AMBIENTAL COLETA E94648919            109946489191             I09020118009464891994648919            08111700000000098513417788315000000000017000000000000000000000000000000000000000000000000000000000000000000000000000017000000000000000000000000000         00000000000000000000000FARMACIA GUSTAVO DA PIRAQUARA                                         000077
10213647096000126600900382117        PADRAO AMBIENTAL COLETA E99709102            109997091029             I09020118009970910299709102            08111700000000151323417788315000000000017000000000000000000000000000000000000000000000000000000000000000000000000000017000000000000000000000000000         00000000000000000000000LABORATORIO AJA DE ANALISES CL                                        000078
10213647096000126600900382117        PADRAO AMBIENTAL COLETA E99725103            109997251037             I09020118009972510399725103            07111700000000068163417788315000000000017000000000000000000000000000000000000000000000000000000000000000000000000000017000000000000000000000000000         00000000000000000000000ABEL CUNHA TOME                                                       000079
10213647096000126600900382117        PADRAO AMBIENTAL COLETA E99738901            109997389019             I09020118009973890199738901            08111700000000057633417788315000000000017000000000000000000000000000000000000000000000000000000000000000000000000000017000000000000000000000000000         00000000000000000000000SALAO DE CABELEIREIROS PRINCES                                        000080
10213647096000126600900382117        PADRAO AMBIENTAL COLETA E99750503            109997505036             I09020118009975050399750503            08111700000000057633417788315000000000017000000000000000000000000000000000000000000000000000000000000000000000000000017000000000000000000000000000         00000000000000000000000BETIZAEL LEAL DIAS                                                    000081
10213647096000126600900382117        PADRAO AMBIENTAL COLETA E99766101            109997661011             I09020118009976610199766101            08111700000000098423417788315000000000017000000000000000000000000000000000000000000000000000000000000000000000000000017000000000000000000000000000         00000000000000000000000MARIA JU ESMALTERIA LTDA                                              000082
10213647096000126600900382117        PADRAO AMBIENTAL COLETA E99797704            109997977045             I09020118009979770499797704            08111700000000071843417788315000000000017000000000000000000000000000000000000000000000000000000000000000000000000000017000000000000000000000000000         00000000000000000000000R2 BARBEARIA EIRELI LTDA                                              000083
10213647096000126600900382117        PADRAO AMBIENTAL COLETA E99812703            109998127038             I09020118009981270399812703            07111700000000068163417788315000000000017000000000000000000000000000000000000000000000000000000000000000000000000000017000000000000000000000000000         00000000000000000000000HAIR BOX M3 INSTITUTO DE BELEZ                                        000084
10213647096000126600900382117        PADRAO AMBIENTAL COLETA E99828704            109998287048             I09020118009982870499828704            07111700000000071843417788315000000000017000000000000000000000000000000000000000000000000000000000000000000000000000017000000000000000000000000000         00000000000000000000000THIAGO NASCIMENTO DOS SANTOS                                          000085
10213647096000126600900382117        PADRAO AMBIENTAL COLETA E99842901            109998429012             I09020118009984290199842901            05111700000000087633417788315000000000017000000000000000000000000000000000000000000000000000000000000000000000000000017000000000000000000000000000         00000000000000000000000LEANDRO VICENTE NUNES DA SILVA                                        000086
10213647096000126600900382117        PADRAO AMBIENTAL COLETA E99848704            109998487044             I09020118009984870499848704            08111700000000099743417788315000000000017000000000000000000000000000000000000000000000000000000000000000000000000000017000000000000000000000000000         00000000000000000000000JMA CABELEIREIRO UNISSEX LTDA                                         000087
10213647096000126600900382117        PADRAO AMBIENTAL COLETA E99862606            109998626062             I09020118009986260699862606            06111700000000099743417788315000000000017000000000000000000000000000000000000000000000000000000000000000000000000000017000000000000000000000000000         00000000000000000000000BRUTUS BARBER SHOP                                                    000088
10213647096000126600900382117        PADRAO AMBIENTAL COLETA E99873505            109998735053             I09020118009987350599873505            08111700000000068163417788315000000000017000000000000000000000000000000000000000000000000000000000000000000000000000017000000000000000000000000000         00000000000000000000000CABELEIREIROS CHEVAILIER LTDA                                         000089
10213647096000126600900382117        PADRAO AMBIENTAL COLETA E99877302            109998773021             I09020118009987730299877302            06111700000000068163417788315000000000017000000000000000000000000000000000000000000000000000000000000000000000000000017000000000000000000000000000         00000000000000000000000HENRIQUE TEZOLIN CARNEIRO DE S                                        000090
10213647096000126600900382117        PADRAO AMBIENTAL COLETA E99878304            109998783046             I09020118009987830499878304            08111700000000068163417788315000000000017000000000000000000000000000000000000000000000000000000000000000000000000000017000000000000000000000000000         00000000000000000000000GEOVANE'S CABELEIREIROS LTDA                                          000091
10213647096000126600900382117        PADRAO AMBIENTAL COLETA E99901403            109999014037             I09020118009990140399901403            06111700000000068163417788315000000000017000000000000000000000000000000000000000000000000000000000000000000000000000017000000000000000000000000000         00000000000000000000000RAILTON JUNIOR PEREIRA DE BRIT                                        000092
10213647096000126600900382117        PADRAO AMBIENTAL COLETA E99901503            109999015034             I09020118009990150399901503            06111700000000068163417788315000000000017000000000000000000000000000000000000000000000000000000000000000000000000000017000000000000000000000000000         00000000000000000000000RAILTON JUNIOR PEREIRA DE BRIT                                        000093
10213647096000126600900382117        PADRAO AMBIENTAL COLETA E99901603            109999016032             I09020118009990160399901603            06111700000000068163417788315000000000017000000000000000000000000000000000000000000000000000000000000000000000000000017000000000000000000000000000         00000000000000000000000RAILTON JUNIOR PEREIRA DE BRIT                                        000094
10213647096000126600900382117        PADRAO AMBIENTAL COLETA E99918103            109999181034             I09020118009991810399918103            07111700000000068163417788315000000000017000000000000000000000000000000000000000000000000000000000000000000000000000017000000000000000000000000000         00000000000000000000000MAYARA FERREIRA DE JESUS                                              000095
10213647096000126600900382117                                 47341344            156473413441             I06020118015953/24 47341344            291217000000003800823724356  000000000000000000000000000000000000000000000000000000000000000000000000000000000000003800800000000000000000000000000   02011800000000000000000000000EDUARDO COSTA                                                       B6000096
10213647096000126600900382117                                 47342315            156473423150             I06020118903880/3  47342315            291217000000000668434158289  000000000000000000000000000000000000000000000000000000000000000000000000000000000000000668400000000000000000000000000   02011800000000000000000000000PRIMAVEIRA CABELEREIRO                                              CP000097
10213647096000126600900382117                                 15375742            157153757420             I02020118745189/24 15375742            080118000000008663834128977  000000000000000000000000000000000000000000000000000000000000000000000000000000000000000000000000000000000000000000000         00000000000000000000000CLINICA WAJNBERG                                                      000098
9201341          000000000000000000000000000000          000000000000000000000000000000                                                  000000000000000000000000000000          0000072200000010275246  02/01S010980000009700000002108328                                                                                                                                                                000099
