02RETORNO01COBRANCA       041300648601        CLEAN AMB SERV COL TRANSP LTDA341BANCO ITAU S.A.02021801600BPI01845020218                                                                                                                                                                                                                                                                                   000001
10205539814000112041300648601        CLEAN AMBIENTAL          00012040            109000120401             I04020218000001204000012040            05021800000000137373412897715000000000000000000000000000000000000000000000000000000000000000000000000000000000000000000000000000000000000000000000         00000000000000000000000EMPORIO SANTA OLIVA EIRELI                                            000002
10205539814000112041300648601        CLEAN AMBIENTAL          00012175            109000121755             I04020218000001217500012175            05021800000000773053412897715000000000000000000000000000000000000000000000000000000000000000000000000000000000000000000000000000000000000000000000         00000000000000000000000HOTEL CASABLANCA COPACABANA LT                                        000003
10205539814000112041300648601        CLEAN AMBIENTAL          00013742            109000137421             I04020218000001374200013742            05021800000000131573412897715000000000000000000000000000000000000000000000000000000000000000000000000000000000000000000000000000000000000000000000         00000000000000000000000AVIARIO PADRE MIGUEL LTDA                                             000004
10205539814000112041300648601        CLEAN AMBIENTAL          00015472            109000154723             I04020218000001547200015472            05021800000000221053412897715000000000000000000000000000000000000000000000000000000000000000000000000000000000000000000000000000000000000000000000         00000000000000000000000RAPHAEL ARAUJO GODINHO                                                000005
10205539814000112041300648601        CLEAN AMBIENTAL          00016179            109000161793             I04020218000001617900016179            05021800000000142113412897715000000000000000000000000000000000000000000000000000000000000000000000000000000000000000000000000000000000000000000000         00000000000000000000000EMPORIO SANTA OLIVA EIRELI                                            000006
10205539814000112041300648601        CLEAN AMBIENTAL          00016302            109000163021             I04020218000001630200016302            05021800000000136053410059615000000000000000000000000000000000000000000000000000000000000000000000000000000000000000000000000000000000000000000000         00000000000000000000000SKINA DO PAULINHO BAR E RESTAU                                        000007
10205539814000112041300648601        CLEAN AMBIENTAL          00016880            109000168806             I04020218000001688000016880            05021800000000269823412897715000000000000000000000000000000000000000000000000000000000000000000000000000000000000000000000000000000000000000000000         00000000000000000000000FORUM MIX SALADAS LTDA                                                000008
10205539814000112041300648601        CLEAN AMBIENTAL          00017170            109000171701             I04020218000001717000017170            05021800000000169743412897715000000000000000000000000000000000000000000000000000000000000000000000000000000000000000000000000000000000000000000000         00000000000000000000000ANGRAGAS DO BRASIL POSTO DE GA                                        000009
10205539814000112041300648601        CLEAN AMBIENTAL          00017442            109000174424             I04020218000001744200017442            05021800000001009213412897715000000000000000000000000000000000000000000000000000000000000000000000000000000000000000000000000000000000000000000000         00000000000000000000000RESTAURANTE CASA DO FRANGO DA                                         000010
10205539814000112041300648601        CLEAN AMBIENTAL          00017461            109000174614             I04020218000001746100017461            05021800000000424563412897715000000000000000000000000000000000000000000000000000000000000000000000000000000000000000000000000000000000000000000000         00000000000000000000000MONTE ALEGRE BAR E CONFEITARIA                                        000011
10205539814000112041300648601        CLEAN AMBIENTAL          00017605            109000176056             I04020218000001760500017605            05021800000000330793412897715000000000000000000000000000000000000000000000000000000000000000000000000000000000000000000000000000000000000000000000         00000000000000000000000L AMOUR MOTEL LTDA                                                    000012
10205539814000112041300648601        CLEAN AMBIENTAL          00017623            109000176239             I04020218000001762300017623            05021800000000138163412897715000000000000000000000000000000000000000000000000000000000000000000000000000000000000000000000000000000000000000000000         00000000000000000000000SWEET CAKE LTDA - ME                                                  000013
10205539814000112041300648601        CLEAN AMBIENTAL          00017734            109000177344             I04020218000001773400017734            08031800000001793863412897715000000000000000000000000000000000000000000000000000000000000000000000000000000000000000000000000000000000000000000000         00000000000000000000000RBX RIO COMERCIO DE ROUPAS S.A                                        000014
10205539814000112041300648601        CLEAN AMBIENTAL          00017770            109000177708             I04020218000001777000017770            08021800000000154213412897715000000000000000000000000000000000000000000000000000000000000000000000000000000000000000000000000000000000000000000000         00000000000000000000000AVIARIO PADRE MIGUEL LTDA                                             000015
10205539814000112041300648601        CLEAN AMBIENTAL          00017839            109000178391             I04020218000001783900017839            05021800000000178583412897715000000000000000000000000000000000000000000000000000000000000000000000000000000000000000000000000000000000000000000000         00000000000000000000000SEBASTIAO G DA SILVA BAR RESTA                                        000016
10205539814000112041300648601        CLEAN AMBIENTAL          00017913            109000179134             I04020218000001791300017913            05021800000000139803412897715000000000000000000000000000000000000000000000000000000000000000000000000000000000000000000000000000000000000000000000         00000000000000000000000PASTELARIA PALACIO DE BONSUCES                                        000017
10205539814000112041300648601        CLEAN AMBIENTAL          00018191            109000181916             I04020218000001819100018191            05021800000000268023412897715000000000000000000000000000000000000000000000000000000000000000000000000000000000000000000000000000000000000000000000         00000000000000000000000RESTAURANTE SOLAR TAMEGA LTDA                                         000018
10205539814000112041300648601        CLEAN AMBIENTAL          00018249            109000182492             I04020218000001824900018249            05021800000000384223412897715000000000000000000000000000000000000000000000000000000000000000000000000000000000000000000000000000000000000000000000         00000000000000000000000UNIMIL UNIFORMES MILITARES LTD                                        000019
10205539814000112041300648601        CLEAN AMBIENTAL          00018287            109000182872             I04020218000001828700018287            05021800000000568423412897715000000000000000000000000000000000000000000000000000000000000000000000000000000000000000000000000000000000000000000000         00000000000000000000000CHAMPAGNAT UNIVERSO DO PAO LTD                                        000020
10205539814000112041300648601        CLEAN AMBIENTAL          00018431            109000184316             I04020218000001843100018431            05021800000000156843412897715000000000000000000000000000000000000000000000000000000000000000000000000000000000000000000000000000000000000000000000         00000000000000000000000CONDOMINIO DO EDIFICIO CAPITOL                                        000021
10205539814000112041300648601        CLEAN AMBIENTAL          00018503            109000185032             I04020218000001850300018503            05021800000000250003412897715000000000000000000000000000000000000000000000000000000000000000000000000000000000000000000000000000000000000000000000         00000000000000000000000FERNATO LANCHONETE LTDA - ME                                          000022
10205539814000112041300648601        CLEAN AMBIENTAL          00018959            109000189596             I04020218000001895900018959            05021800000000387203412897715000000000000000000000000000000000000000000000000000000000000000000000000000000000000000000000000000000000000000000000         00000000000000000000000LANCHONETE E BAR PASSEIO LIMIT                                        000023
10205539814000112041300648601        CLEAN AMBIENTAL          00019119            109000191196             I04020218000001911900019119            02021800000000312463412897715000000000000000000000000000000000000000000000000000000000000000000000000000000000000000000000000000000000000000000000         00000000000000000000000FAZENDA PARADISO CAFETERIA E C                                        000024
10205539814000112041300648601        CLEAN AMBIENTAL          00019167            109000191675             I04020218000001916700019167            10021800000000467113412897715000000000000000000000000000000000000000000000000000000000000000000000000000000000000000000000000000000000000000000000         00000000000000000000000CONDOMINIO DO EDIFICIO NOGALES                                        000025
10205539814000112041300648601        CLEAN AMBIENTAL          00019183            109000191832             I04020218000001918300019183            05021800000000227113412897715000000000000000000000000000000000000000000000000000000000000000000000000000000000000000000000000000000000000000000000         00000000000000000000000VIENA STAR LANCHES LTDA - ME                                          000026
10205539814000112041300648601        CLEAN AMBIENTAL          00019359            109000193598             I04020218000001935900019359            05021800000000338773412897715000000000000000000000000000000000000000000000000000000000000000000000000000000000000000000000000000000000000000000000         00000000000000000000000CONDOMINIO DO EDIFICIO SAUBEL                                         000027
10205539814000112041300648601        CLEAN AMBIENTAL          00019858            109000198589             I04020218000001985800019858            03021800000000093423412897715000000000000000000000000000000000000000000000000000000000000011580000000000000000000000000000000000000000000000000000         00000000000000000000000NEW FASHION HAIR COMERCIO E SE                                        000028
10205539814000112041300648601                                 00004261            109000042613             I06020218          00004261            000000000000024132823704069  000000000016600000000000000000000000000000000000000000000000000000000000000000000000024116200000000000000000000000000   02021800000000000000000000000                                                                    B1000029
10205539814000112041300648601        CLEAN AMBIENTAL          00009771            109000097716             I06020218000000977100009771            16111700000000383951041337515000000000000000000000000000000000000000000000000000000000000000000000000000000000000003839500000000000000000000000000   02021800000000000000000000000RUFO S LEV IPANEMA EIRELI - EP                                      B3000030
10205539814000112041300648601        CLEAN AMBIENTAL          00012081            109000120815             I06020218000001208100012081            31011800000000402891040211315000000000016600000000000000000000000000000000000000000000000000000000000000000000000004038900000000002660000000000000   02021800000000000000000000000BAR E RESTAURANTE BAIXO GAGO L                                      B3000031
10205539814000112041300648601        CLEAN AMBIENTAL          00012474            109000124742             I06020218000001247400012474            29011800000001160002371745915000000000016600000000000000000000000000000000000000000000000000000000000000000000000011736200000000015280000000000000   02021800000000000000000000000DELICIA CARIOCA LANCHONETE E C                                      B3000032
10205539814000112041300648601        CLEAN AMBIENTAL          00013596            109000135961             I06020218000001359600013596            05021800000000378951041337515000000000016600000000000000000000000000000000000000000000000000000000000000000000000003822900000000005000000000000000   02021800000000000000000000000RUFO S LEV IPANEMA EIRELI - EP                                      B3000033
10205539814000112041300648601        CLEAN AMBIENTAL          00014409            109000144096             I06020218000001440900014409            02021800000000212780332247515000000000016600000000000000000000000000000000000000000000000000000000000000000000000002111200000000000000000000000000   02021800000000000000000000000RAME BAR E RESTAURANTE EIRELI                                       B7000034
10205539814000112041300648601        CLEAN AMBIENTAL          00015256            109000152560             I06020218000001525600015256            31011800000000208582376752015000000000016600000000000000000000000000000000000000000000000000000000000000000000000002083000000000001380000000000000   02021800000000000000000000000MARRECAS GOURMET BAR E RESTAUR                                      B3000035
10205539814000112041300648601        CLEAN AMBIENTAL          00015753            109000157536             I06020218000001575300015753            05011800000000223951040225315000000000016600000000000000000000000000000000000000000000000000000000000000000000000002422400000000019950000000000000   02021800000000000000000000000CASA DA FARTURA HORTIFRUTI EIR                                      B3000036
10205539814000112041300648601        CLEAN AMBIENTAL          00015788            109000157882             I06020218000001578800015788            06011800000000336583418794015000000000016600000000000000000000000000000000000000000000000000000000000000000000000003648900000000029970000000000000   02021800000000000000000000000KOSMOS ATENDIMENTO AMBULATORIA                                      BL000037
10205539814000112041300648601        CLEAN AMBIENTAL          00015923            109000159235             I06020218000001592300015923            07011800000000780162370135415000000000016600000000000000000000000000000000000000000000000000000000000000000000000008428600000000064360000000000000   02021800000000000000000000000CONDOMINIO DO EDIFICIO COPACAB                                      B7000038
10205539814000112041300648601        CLEAN AMBIENTAL          00016001            109000160019             I06020218000001600100016001            31011800000000383951040211315000000000016600000000000000000000000000000000000000000000000000000000000000000000000003848200000000002530000000000000   02021800000000000000000000000BAR E RESTAURANTE BAIXO GAGO L                                      B3000039
10205539814000112041300648601        CLEAN AMBIENTAL          00016023            109000160233             I06020218000001602300016023            08011800000000706051040229515000000000016600000000000000000000000000000000000000000000000000000000000000000000000007603100000000055920000000000000   02021800000000000000000000000ASSOCIACAO EDUCACIONAL MACHADO                                      B5000040
10205539814000112041300648601        CLEAN AMBIENTAL          00016526            109000165265             I06020218000001652600016526            16011800000000231633411595815000000000016600000000000000000000000000000000000000000000000000000000000000000000000002428900000000012920000000000000   02021800000000000000000000000BAR E MERCEARIA FLOR DA BICA L                                      CP000041
10205539814000112041300648601        CLEAN AMBIENTAL          00016546            109000165463             I06020218000001654600016546            05021800000003709312373002315000000000016600000000000000000000000000000000000000000000000000000000000000000000000037076500000000000000000000000000   02021800000000000000000000000LUDAPI ALIMENTOS LTDA - ME                                          B3000042
10205539814000112041300648601                                 00016641            109000166412             I06020218          00016641            000000000000001336023765672  000000000016600000000000000000000000000000000000000000000000000000000000000000000000001319400000000000000000000000000   02021800000000000000000000000                                                                    B2000043
10205539814000112041300648601        CLEAN AMBIENTAL          00016962            109000169622             I06020218000001696200016962            17011800000001407632372957915000000000016600000000000000000000000000000000000000000000000000000000000000000000000014802900000000074320000000000000   02021800000000000000000000000PADARIA E CONFEITARIA ARTISTAS                                      B3000044
10205539814000112041300648601        CLEAN AMBIENTAL          00017017            109000170174             I06020218000001701700017017            17011800000000404752371745915000000000016600000000000000000000000000000000000000000000000000000000000000000000000004231300000000020040000000000000   02021800000000000000000000000A NOSSA SORVETERIA LTDA                                             B1000045
10205539814000112041300648601        CLEAN AMBIENTAL          00017150            109000171503             I06020218000001715000017150            12011800000000214740333098115000000000016600000000000000000000000000000000000000000000000000000000000000000000000002279600000000014880000000000000   02021800000000000000000000000AFG BOLOS COMERCIO ATACADISTA                                       B3000046
10205539814000112041300648601        CLEAN AMBIENTAL          00017167            109000171677             I06020218000001716700017167            22011800000000050533418865815000000000016600000000000000000000000000000000000000000000000000000000000000000000000000506300000000001760000000000000   02021800000000000000000000000CRECHE E MATERNAL TURMA DO BAL                                      BL000047
10205539814000112041300648601        CLEAN AMBIENTAL          00017415            109000174150             I06020218000001741500017415            02021800000000255792376868415000000000016600000000000000000000000000000000000000000000000000000000000000000000000002541300000000000000000000000000   02021800000000000000000000000A G RODRIGUES COMERCIO DE PEIX                                      B2000048
10205539814000112041300648601        CLEAN AMBIENTAL          00017446            109000174465             I06020218000001744600017446            02021800000000558422371852315000000000016600000000000000000000000000000000000000000000000000000000000000000000000005567600000000000000000000000000   02021800000000000000000000000CONFEITARIA REGININHA LTDA                                          B1000049
10205539814000112041300648601        CLEAN AMBIENTAL          00017736            109000177369             I06020218000001773600017736            22011800000000372112376746215000000000016600000000000000000000000000000000000000000000000000000000000000000000000003839800000000013530000000000000   02021800000000000000000000000CAFE E BAR ALVO DO CAMPO LTDA                                       B2000050
10205539814000112041300648601        CLEAN AMBIENTAL          00017898            109000178987             I06020218000001789800017898            24011800000000232630330057015000000000016600000000000000000000000000000000000000000000000000000000000000000000000002371100000000006140000000000000   02021800000000000000000000000MEGA TCHE COMERCIO DE ALIMENTO                                      B3000051
10205539814000112041300648601        CLEAN AMBIENTAL          00017913            109000179134             I06020218000001791300017913            05021800000000139802373262315000000000016600000000000000000000000000000000000000000000000000000000000000000000000001381400000000000000000000000000   02021800000000000000000000000PASTELARIA PALACIO DE BONSUCES                                      B1000052
10205539814000112041300648601        CLEAN AMBIENTAL          00017918            109000179183             I06020218000001791800017918            19011800000000140790333367015000000000016600000000000000000000000000000000000000000000000000000000000000000000000001456300000000006500000000000000   02021800000000000000000000000RESTAURANTE YUAN SHAN LTDA - M                                      B2000053
10205539814000112041300648601        CLEAN AMBIENTAL          00017983            109000179837             I06020218000001798300017983            02021800000000794643418202415000000000016600000000000000000000000000000000000000000000000000000000000000000000000007929800000000000000000000000000   02021800000000000000000000000BIG FIELD POINT SUPER LANCHES                                       BL000054
10205539814000112041300648601        CLEAN AMBIENTAL          00018006            109000180066             I06020218000001800600018006            20011800000000818581040219615000000000016600000000000000000000000000000000000000000000000000000000000000000000000008169200000000000000000000000000   02021800000000000000000000000BAR E RESTAURANTE BRAMAR EIREL                                      B3000055
10205539814000112041300648601        CLEAN AMBIENTAL          00018026            109000180264             I06020218000001802600018026            20011800000000454642377096115000000000016600000000000000000000000000000000000000000000000000000000000000000000000004709800000000018000000000000000   02021800000000000000000000000ARABE DA TIJUCA LTDA. - ME                                          B3000056
10205539814000112041300648601        CLEAN AMBIENTAL          00018050            109000180504             I06020218000001805000018050            20011800000000228421042955315000000000016600000000000000000000000000000000000000000000000000000000000000000000000002365600000000009800000000000000   02021800000000000000000000000PENSAO COMERCIAL DO RIO DA PRA                                      B3000057
10205539814000112041300648601        CLEAN AMBIENTAL          00018087            109000180876             I06020218000001808700018087            25011800000000229470330057015000000000016600000000000000000000000000000000000000000000000000000000000000000000000002331100000000005300000000000000   02021800000000000000000000000MATTE A SEDE LANCHES LTDA-ME                                        B3000058
10205539814000112041300648601        CLEAN AMBIENTAL          00018148            109000181486             I06020218000001814800018148            02021800000000288952373023915000000000016600000000000000000000000000000000000000000000000000000000000000000000000002872900000000000000000000000000   02021800000000000000000000000BAMBINA\\\ S MAR PIZZARIA LTDA                                      B1000059
10205539814000112041300648601        CLEAN AMBIENTAL          00018178            109000181783             I06020218000001817800018178            21011800000000194473410405115000000000016600000000000000000000000000000000000000000000000000000000000000000000000002004900000000007680000000000000   02021800000000000000000000000CAFE E BAR SAMBODROMO DO MILEN                                      CP000060
10205539814000112041300648601        CLEAN AMBIENTAL          00018243            109000182435             I06020218000001824300018243            27011800000000661363418112515000000000016600000000000000000000000000000000000000000000000000000000000000000000000006727800000000013080000000000000   02021800000000000000000000000CAFE E BAR MASSAPE LTDA                                             CP000061
10205539814000112041300648601        CLEAN AMBIENTAL          00018249            109000182492             I06020218000001824900018249            05021800000000384220010183415000000000016600000000000000000000000000000000000000000000000000000000000000000000000003825600000000000000000000000000   02021800000000000000000000000UNIMIL UNIFORMES MILITARES LTD                                      B3000062
10205539814000112041300648601        CLEAN AMBIENTAL          00018268            109000182682             I06020218000001826800018268            22011800000000780602373505515000000000016600000000000000000000000000000000000000000000000000000000000000000000000007789400000000000000000000000000   02021800000000000000000000000LIDER RIO VEICULOS S/A                                              B3000063
10205539814000112041300648601                                 00018463            109000184639             I06020218          00018463            000000000000000964210440626  000000000016600000000000000000000000000000000000000000000000000000000000000000000000000947600000000000000000000000000   02021800000000000000000000000                                                                    B5000064
10205539814000112041300648601        CLEAN AMBIENTAL          00018541            109000185412             I06020218000001854100018541            24011800000000327893418586015000000000016600000000000000000000000000000000000000000000000000000000000000000000000003359500000000009720000000000000   02021800000000000000000000000POP PRODUTOS FARMACEUTICOS LTD                                      CK000065
10205539814000112041300648601        CLEAN AMBIENTAL          00018571            109000185719             I06020218000001857100018571            24011800000000423952377050815000000000016600000000000000000000000000000000000000000000000000000000000000000000000004348900000000012600000000000000   02021800000000000000000000000MOURA E MAIA GOURMET LTDA - ME                                      B2000066
10205539814000112041300648601        CLEAN AMBIENTAL          00018582            109000185826             I06020218000001858200018582            24011800000000394742377057315000000000016600000000000000000000000000000000000000000000000000000000000000000000000004035000000000010420000000000000   02021800000000000000000000000BANCO BRADESCO S.A                                                  B1000067
10205539814000112041300648601                                 00018615            109000186154             I06020218          00018615            000000000000001854803316212  000000000016600000000000000000000000000000000000000000000000000000000000000000000000001838200000000000000000000000000   02021800000000000000000000000                                                                    B3000068
10205539814000112041300648601        CLEAN AMBIENTAL          00018766            109000187665             I06020218000001876600018766            26011800000000449773412611215000000000016600000000000000000000000000000000000000000000000000000000000000000000000004584700000000010360000000000000   02021800000000000000000000000BOTAFOGO HOTEL E RESTAURANTE E                                      CK000069
10205539814000112041300648601        CLEAN AMBIENTAL          00018807            109000188077             I06020218000001880700018807            26011800000000696050010576915000000000016600000000000000000000000000000000000000000000000000000000000000000000000007081700000000013780000000000000   02021800000000000000000000000PROCOR PRONTO SOCORRO CLINICO                                       B6000070
10205539814000112041300648601        CLEAN AMBIENTAL          00018813            109000188135             I06020218000001881300018813            26011800000000155262377091215000000000016600000000000000000000000000000000000000000000000000000000000000000000000001566700000000003070000000000000   02021800000000000000000000000VILLAGE GRIFFE DO PAO LTDA                                          B3000071
10205539814000112041300648601        CLEAN AMBIENTAL          00018835            109000188358             I06020218000001883500018835            26011800000000222163414895915000000000016600000000000000000000000000000000000000000000000000000000000000000000000002256100000000005110000000000000   02021800000000000000000000000RESTAURANTE E BAR SIROCO LTDA                                       CP000072
10205539814000112041300648601                                 00018883            109000188838             I06020218          00018883            000000000000000808910432417  000000000016600000000000000000000000000000000000000000000000000000000000000000000000000792300000000000000000000000000   02021800000000000000000000000                                                                    B3000073
10205539814000112041300648601        CLEAN AMBIENTAL          00018944            109000189448             I06020218000001894400018944            02021800000001733143413239115000000000016600000000000000000000000000000000000000000000000000000000000000000000000017314800000000000000000000000000   02021800000000000000000000000EL CHURRASQUITO LTDA                                                CK000074
10205539814000112041300648601        CLEAN AMBIENTAL          00018945            109000189455             I06020218000001894500018945            02021800000001973873413239115000000000016600000000000000000000000000000000000000000000000000000000000000000000000019722100000000000000000000000000   02021800000000000000000000000GALETO CINELANDIA                                                   CK000075
10205539814000112041300648601        CLEAN AMBIENTAL          00018954            109000189547             I06020218000001895400018954            27011800000000619053418389915000000000016600000000000000000000000000000000000000000000000000000000000000000000000006173900000000000000000000000000   02021800000000000000000000000LARANJA TROPICAL LANCHONETE LT                                      CP000076
10205539814000112041300648601        CLEAN AMBIENTAL          00018962            109000189620             I06020218000001896200018962            02021800000000401791042912415000000000016600000000000000000000000000000000000000000000000000000000000000000000000004001300000000000000000000000000   02021800000000000000000000000CAFE E BAR DUVIVER LTDA                                             B5000077
10205539814000112041300648601        CLEAN AMBIENTAL          00018981            109000189810             I06020218000001898100018981            27011800000000386632377097915000000000016600000000000000000000000000000000000000000000000000000000000000000000000003913500000000006380000000000000   02021800000000000000000000000HOTEL BARAO DA TAQUARA LTDA                                         B3000078
10205539814000112041300648601        CLEAN AMBIENTAL          00019005            109000190057             I06020218000001900500019005            01021800000000336583417717215000000000016600000000000000000000000000000000000000000000000000000000000000000000000003360300000000001110000000000000   02021800000000000000000000000REFEICOES E RESTAURANTE FERREI                                      CP000079
10205539814000112041300648601        CLEAN AMBIENTAL          00019119            109000191196             I06020218000001911900019119            02021800000000312462371791315000000000016600000000000000000000000000000000000000000000000000000000000000000000000003108000000000000000000000000000   02021800000000000000000000000FAZENDA PARADISO CAFETERIA E C                                      B3000080
10205539814000112041300648601        CLEAN AMBIENTAL          00019297            109000192970             I06020218000001929700019297            02021800000000131582371276515000000000016600000000000000000000000000000000000000000000000000000000000000000000000001299200000000000000000000000000   02021800000000000000000000000BORGES MATOS LANCHONETE LTDA -                                      B2000081
10205539814000112041300648601                                 00019491            109000194919             I06020218          00019491            000000000000001321934179533  000000000016600000000000000000000000000000000000000000000000000000000000000000000000001305300000000000000000000000000   02021800000000000000000000000                                                                    CK000082
10205539814000112041300648601                                 00019502            109000195023             I06020218          00019502            000000000000001473703339370  000000000016600000000000000000000000000000000000000000000000000000000000000000000000001457100000000000000000000000000   02021800000000000000000000000                                                                    B7000083
10205539814000112041300648601                                 00019516            109000195163             I06020218          00019516            000000000000005678434130320  000000000016600000000000000000000000000000000000000000000000000000000000000000000000005661800000000000000000000000000   02021800000000000000000000000                                                                    CK000084
10205539814000112041300648601                                 00019521            109000195213             I06020218          00019521            000000000000000826323705520  000000000016600000000000000000000000000000000000000000000000000000000000000000000000000809700000000000000000000000000   02021800000000000000000000000                                                                    B3000085
10205539814000112041300648601                                 00019538            109000195387             I06020218          00019538            000000000000003539823730718  000000000016600000000000000000000000000000000000000000000000000000000000000000000000003523200000000000000000000000000   02021800000000000000000000000                                                                    B1000086
10205539814000112041300648601                                 00019540            109000195403             I06020218          00019540            000000000000002463923732623  000000000016600000000000000000000000000000000000000000000000000000000000000000000000002447300000000000000000000000000   02021800000000000000000000000                                                                    B3000087
10205539814000112041300648601                                 00019551            109000195510             I06020218          00019551            000000000000001200000147670  000000000016600000000000000000000000000000000000000000000000000000000000000000000000001183400000000000000000000000000   02021800000000000000000000000                                                                    B6000088
10205539814000112041300648601                                 00019556            109000195569             I06020218          00019556            000000000000004202603309779  000000000016600000000000000000000000000000000000000000000000000000000000000000000000004186000000000000000000000000000   02021800000000000000000000000                                                                    B3000089
10205539814000112041300648601                                 00019570            109000195700             I06020218          00019570            000000000000010735723766431  000000000016600000000000000000000000000000000000000000000000000000000000000000000000010719100000000000000000000000000   02021800000000000000000000000                                                                    B1000090
10205539814000112041300648601                                 00019614            109000196146             I06020218          00019614            000000000000003834234103087  000000000016600000000000000000000000000000000000000000000000000000000000000000000000003817600000000000000000000000000   02021800000000000000000000000                                                                    AA000091
10205539814000112041300648601        CLEAN AMBIENTAL          00019717            109000197177             I06020218000001971700019717            02021800000001259033415322315000000000016600000000000000000000000000000000000000000000000000000000000000000000000012573700000000000000000000000000   02021800000000000000000000000LUGUIMAR COMESTIVEIS LTDA                                           CP000092
10205539814000112041300648601        CLEAN AMBIENTAL          00019721            109000197219             I06020218000001972100019721            02021800000000454553419273415000000000016600000000000000000000000000000000000000000000000000000000000000000000000004528900000000000000000000000000   02021800000000000000000000000BAR E MARISQUEIRA DO LEBLON LT                                      BL000093
10205539814000112041300648601        CLEAN AMBIENTAL          00019729            109000197292             I06020218000001972900019729            02021800000000627263411403515000000000016600000000000000000000000000000000000000000000000000000000000000000000000006256000000000000000000000000000   02021800000000000000000000000JK COMERCIO DE ALIMENTOS LTDA                                       Q0000094
10205539814000112041300648601        CLEAN AMBIENTAL          00019730            109000197300             I06020218000001973000019730            02021800000000548630333843015000000000016600000000000000000000000000000000000000000000000000000000000000000000000005469700000000000000000000000000   02021800000000000000000000000BECO CIDADE NOVA RESTAURANTE E                                      B3000095
10205539814000112041300648601        CLEAN AMBIENTAL          00019732            109000197326             I06020218000001973200019732            02021800000000213950330977915000000000016600000000000000000000000000000000000000000000000000000000000000000000000002122900000000000000000000000000   02021800000000000000000000000BBG ABOLICAO LANCHONETE LTDA                                        B1000096
10205539814000112041300648601        CLEAN AMBIENTAL          00019733            109000197334             I06020218000001973300019733            02021800000000172370333677215000000000016600000000000000000000000000000000000000000000000000000000000000000000000001707100000000000000000000000000   02021800000000000000000000000PONTAPE BEACH 63 BAR E RESTAUR                                      B3000097
10205539814000112041300648601        CLEAN AMBIENTAL          00019734            109000197342             I06020218000001973400019734            02021800000000195263419218915000000000016600000000000000000000000000000000000000000000000000000000000000000000000001936000000000000000000000000000   02021800000000000000000000000MARZANO E POTT GASTRONOMIA LTD                                      BL000098
10205539814000112041300648601        CLEAN AMBIENTAL          00019739            109000197391             I06020218000001973900019739            02021800000000221840013010615000000000016600000000000000000000000000000000000000000000000000000000000000000000000002201800000000000000000000000000   02021800000000000000000000000LENTRIX INDUSTRIA E COMERCIO D                                      B3000099
10205539814000112041300648601        CLEAN AMBIENTAL          00019740            109000197409             I06020218000001974000019740            02021800000000473521043073415000000000016600000000000000000000000000000000000000000000000000000000000000500000000004668600000000000000000000000000   02021800000000000000000000000EMPRESA SANTA GERTRUDIS DE COM                                      B3000100
10205539814000112041300648601        CLEAN AMBIENTAL          00019741            109000197417             I06020218000001974100019741            02021800000000717602372915715000000000016600000000000000000000000000000000000000000000000000000000000000000000000007159400000000000000000000000000   02021800000000000000000000000EMPRESA S JOSE DE COM PART E E                                      B3000101
10205539814000112041300648601        CLEAN AMBIENTAL          00019745            109000197458             I06020218000001974500019745            02021800000000499030332247515000000000016600000000000000000000000000000000000000000000000000000000000000000000000004973700000000000000000000000000   02021800000000000000000000000L.C.A - PIEDADE RESTAURANTE LT                                      B7000102
10205539814000112041300648601        CLEAN AMBIENTAL          00019746            109000197466             I06020218000001974600019746            02021800000000768393410406915000000000016600000000000000000000000000000000000000000000000000000000000000000000000007667300000000000000000000000000   02021800000000000000000000000CHOPPERIA 461 BAR E RESTAURANT                                      CK000103
10205539814000112041300648601        CLEAN AMBIENTAL          00019747            109000197474             I06020218000001974700019747            02021800000000755382373184915000000000016600000000000000000000000000000000000000000000000000000000000000000000000007537200000000000000000000000000   02021800000000000000000000000IGREJA EVANGELICA ASSEMBLEIA D                                      B1000104
10205539814000112041300648601        CLEAN AMBIENTAL          00019749            109000197490             I06020218000001974900019749            02021800000000208420013010615000000000016600000000000000000000000000000000000000000000000000000000000000000000000002067600000000000000000000000000   02021800000000000000000000000CENTRO EDUCACIONAL DINAMICO LT                                      B3000105
10205539814000112041300648601        CLEAN AMBIENTAL          00019752            109000197524             I06020218000001975200019752            02021800000000435790333454615000000000016600000000000000000000000000000000000000000000000000000000000000000000000004341300000000000000000000000000   02021800000000000000000000000CONDOMINIO DO EDIFICIO CORONAD                                      B7000106
10205539814000112041300648601        CLEAN AMBIENTAL          00019755            109000197557             I06020218000001975500019755            02021800000000582970330925815000000000016600000000000000000000000000000000000000000000000000000000000000000000000005813100000000000000000000000000   02021800000000000000000000000PADARIA, CONFEITARIA E MINIMER                                      B3000107
10205539814000112041300648601        CLEAN AMBIENTAL          00019788            109000197888             I06020218000001978800019788            02021800000000232893416032715000000000016600000000000000000000000000000000000000000000000000000000000000000000000002312300000000000000000000000000   02021800000000000000000000000RAPHAEL ARAUJO GODINHO                                              BL000108
10205539814000112041300648601        CLEAN AMBIENTAL          00019794            109000197946             I06020218000001979400019794            02021800000000334213410532215000000000016600000000000000000000000000000000000000000000000000000000000000000000000003325500000000000000000000000000   02021800000000000000000000000BALLET DALAL ACHCAR LTDA - EPP                                      CP000109
10205539814000112041300648601        CLEAN AMBIENTAL          00019796            109000197961             I06020218000001979600019796            02021800000000212113416541715000000000016600000000000000000000000000000000000000000000000000000000000000000000000002104500000000000000000000000000   02021800000000000000000000000HARDMAN CASA DE FESTAS LTDA -                                       AA000110
10205539814000112041300648601        CLEAN AMBIENTAL          00019798            109000197987             I06020218000001979800019798            02021800000000361841043072615000000000016600000000000000000000000000000000000000000000000000000000000000000000000003601800000000000000000000000000   02021800000000000000000000000PASTELARIA E RESTAURANTE CANTI                                      B2000111
10205539814000112041300648601        CLEAN AMBIENTAL          00019817            109000198175             I06020218000001981700019817            05021800000001002233410911815000000000016600000000000000000000000000000000000000000000000000000000000000000000000010005700000000000000000000000000   02021800000000000000000000000H STERN COMERCIO E INDUSTRIA S                                      CK000112
10205539814000112041300648601        CLEAN AMBIENTAL          00019818            109000198183             I06020218000001981800019818            05021800000000331143410911815000000000016600000000000000000000000000000000000000000000000000000000000000000000000003294800000000000000000000000000   02021800000000000000000000000H STERN COMERCIO E INDUSTRIA S                                      CK000113
10205539814000112041300648601        CLEAN AMBIENTAL          00019824            109000198241             I06020218000001982400019824            03021800000000741743410496015000000000016600000000000000000000000000000000000000000000000000000000000000000000000007400800000000000000000000000000   02021800000000000000000000000FORT RIO COMERCIO E REPRESENTA                                      CK000114
10205539814000112041300648601        CLEAN AMBIENTAL          00019833            109000198332             I06020218000001983300019833            02021800000000308680332285515000000000016600000000000000000000000000000000000000000000000000000000000000000000000003070200000000000000000000000000   02021800000000000000000000000MANDELA GOURMET RESTAURANTE LT                                      B3000115
10205539814000112041300648601        CLEAN AMBIENTAL          00019836            109000198365             I06020218000001983600019836            03021800000003322840331673315000000000016600000000000000000000000000000000000000000000000000000000000000000000000033211800000000000000000000000000   02021800000000000000000000000PANIFICACAO APOLO LTDA                                              B7000116
10205539814000112041300648601        CLEAN AMBIENTAL          00019867            109000198670             I06020218000001986700019867            03021800000000227163411526315000000000016600000000000000000000000000000000000000000000000000000000000000000000000002255000000000000000000000000000   02021800000000000000000000000PADARIA E CONF CENTRAL DE MARE                                      CP000117
10205539814000112041300648601        CLEAN AMBIENTAL          00019873            109000198738             I06020218000001987300019873            03021800000000308163410416815000000000016600000000000000000000000000000000000000000000000000000000000000000000000003065000000000000000000000000000   02021800000000000000000000000LANCHONETE MEU CANTAO LTDA - E                                      CP000118
10205539814000112041300648601        CLEAN AMBIENTAL          00019876            109000198761             I06020218000001987600019876            03021800000000464473419926715000000000016600000000000000000000000000000000000000000000000000000000000000000000000004628100000000000000000000000000   02021800000000000000000000000CONDOMINIO DO EDIFICIO COMERCI                                      CP000119
10205539814000112041300648601                                 00019888            109000198886             I06020218          00019888            000000000000001502610402212  000000000016600000000000000000000000000000000000000000000000000000000000000000000000001486000000000000000000000000000   02021800000000000000000000000                                                                    B5000120
10205539814000112041300648601                                 00019905            109000199058             I06020218          00019905            000000000000002325803333910  000000000016600000000000000000000000000000000000000000000000000000000000000000000000002309200000000000000000000000000   02021800000000000000000000000                                                                    B3000121
10205539814000112041300648601                                 00019913            109000199132             I06020218          00019913            000000000000001573234170417  000000000016600000000000000000000000000000000000000000000000000000000000000000000000001556600000000000000000000000000   02021800000000000000000000000                                                                    AA000122
10205539814000112041300648601                                 00019915            109000199157             I06020218          00019915            000000000000001566500129074  000000000016600000000000000000000000000000000000000000000000000000000000000000000000001549900000000000000000000000000   02021800000000000000000000000                                                                    B2000123
10205539814000112041300648601                                 00019916            109000199165             I06020218          00019916            000000000000000850003316709  000000000016600000000000000000000000000000000000000000000000000000000000000000000000000833400000000000000000000000000   02021800000000000000000000000                                                                    B3000124
10205539814000112041300648601                                 00019918            109000199181             I06020218          00019918            000000000000001076203336772  000000000016600000000000000000000000000000000000000000000000000000000000000000000000001059600000000000000000000000000   02021800000000000000000000000                                                                    B3000125
10205539814000112041300648601        CLEAN AMBIENTAL          00019944            109000199447             I06020218000001994400019944            04021800000000485631040625415000000000016600000000000000000000000000000000000000000000000000000000000000000000000004839700000000000000000000000000   02021800000000000000000000000ASSOCIACAO MACROBIOTICA DO EST                                      B1000126
10205539814000112041300648601        CLEAN AMBIENTAL          00019953            109000199538             I06020218000001995300019953            04021800000000092370333381115000000000016600000000000000000000000000000000000000000000000000000000000000000000000000907100000000000000000000000000   02021800000000000000000000000VISTA VERDE E FLORES                                                B2000127
10205539814000112041300648601        CLEAN AMBIENTAL          00020006            109000200062             I06020218000002000600020006            04021800000000526162370447315000000000016600000000000000000000000000000000000000000000000000000000000000000000000005245000000000000000000000000000   02021800000000000000000000000DROGARIA PHANTOM LTDA - EPP                                         B3000128
10205539814000112041300648601                                 00020023            109000200237             I06020218          00020023            000000000000001403403343950  000000000016600000000000000000000000000000000000000000000000000000000000000000000000001386800000000000000000000000000   02021800000000000000000000000                                                                    B1000129
10205539814000112041300648601                                 00020070            109000200708             I06020218          00020070            000000000000001416034103129  000000000016600000000000000000000000000000000000000000000000000000000000000000000000001399400000000000000000000000000   02021800000000000000000000000                                                                    CK000130
10205539814000112041300648601                                 00020072            109000200724             I06020218          00020072            000000000000000826310402006  000000000016600000000000000000000000000000000000000000000000000000000000000000000000000809700000000000000000000000000   02021800000000000000000000000                                                                    B5000131
10205539814000112041300648601        CLEAN AMBIENTAL          00020084            109000200849             I06020218000002008400020084            04021800000006782333410408515000000000016600000000000000000000000000000000000000000000000000000000000000000000000067806700000000000000000000000000   02021800000000000000000000000PROGRAMA NACIONAL DE CONTROLE                                       CK000132
10205539814000112041300648601        CLEAN AMBIENTAL          00020139            109000201391             I06020218000002013900020139            05021800000000140793410358215000000000016600000000000000000000000000000000000000000000000000000000000000000000000001391300000000000000000000000000   02021800000000000000000000000ELETRICO PAIVA LTDA - ME                                            BL000133
10205539814000112041300648601        CLEAN AMBIENTAL          00020197            109000201979             I06020218000002019700020197            06021800000000106632370541315000000000016600000000000000000000000000000000000000000000000000000000000000000000000001049700000000000000000000000000   02021800000000000000000000000ESPLENDA CENTRO MEDICINA DO CO                                      B1000134
10205539814000112041300648601        CLEAN AMBIENTAL          00020279            109000202795             I06020218000002027900020279            06021800000000187373419177715000000000016600000000000000000000000000000000000000000000000000000000000000000000000001857100000000000000000000000000   02021800000000000000000000000AUDIO CORP. LTDA - EPP                                              CK000135
10205539814000112041300648601                                 00020563            109000205632             I06020218          00020563            000000000000001252600190126  000000000016600000000000000000000000000000000000000000000000000000000000000000000000001236000000000000000000000000000   02021800000000000000000000000                                                                    B1000136
10205539814000112041300648601                                 00020610            109000206101             I06020218          00020610            000000000000001519523705413  000000000016600000000000000000000000000000000000000000000000000000000000000000000000001502900000000000000000000000000   02021800000000000000000000000                                                                    B1000137
10205539814000112041300648601                                 00020770            109000207703             I06020218          00020770            000000000000001600010440634  000000000016600000000000000000000000000000000000000000000000000000000000000000000000001583400000000000000000000000000   02021800000000000000000000000                                                                    B5000138
10205539814000112041300648601                                 00020792            109000207927             I06020218          00020792            000000000000013336823734389  000000000016600000000000000000000000000000000000000000000000000000000000000000000000013320200000000000000000000000000   02021800000000000000000000000                                                                    B3000139
10205539814000112041300648601                                 00020810            109000208107             I06020218          00020810            000000000000003368323716295  000000000016600000000000000000000000000000000000000000000000000000000000000000000000003351700000000000000000000000000   02021800000000000000000000000                                                                    B1000140
10205539814000112041300648601        CLEAN AMBIENTAL          00003860            109000038603             I09020218000000386000003860            09121700000000421053417788315000000000016600000000000000000000000000000000000000000000000000000000000000000000000000016600000000000000000000000000         00000000000000000000000JK COMERCIO DE ALIMENTOS LTDA                                         000141
10205539814000112041300648601        CLEAN AMBIENTAL          00010778            109000107788             I09020218000001077800010778            09121700000000493893417788315000000000016600000000000000000000000000000000000000000000000000000000000000000000000000016600000000000000000000000000         00000000000000000000000MARAVILHA DA RIBEIRA MERCEARIA                                        000142
10205539814000112041300648601        CLEAN AMBIENTAL          00011527            109000115278             I09020218000001152700011527            09121700000000200793417788315000000000016600000000000000000000000000000000000000000000000000000000000000000000000000016600000000000000000000000000         00000000000000000000000LANCHONETE RIO MALANGE LTDA                                           000143
10205539814000112041300648601        CLEAN AMBIENTAL          00011536            109000115369             I09020218000001153600011536            09121700000000373533417788315000000000016600000000000000000000000000000000000000000000000000000000000000000000000000016600000000000000000000000000         00000000000000000000000RESTAURANTE ACHILLES LTDA - ME                                        000144
10205539814000112041300648601        CLEAN AMBIENTAL          00011539            109000115393             I09020218000001153900011539            09121700000000215193417788315000000000016600000000000000000000000000000000000000000000000000000000000000000000000000016600000000000000000000000000         00000000000000000000000EL PESO RESTAURANTE LTDA - ME                                         000145
10205539814000112041300648601        CLEAN AMBIENTAL          00011541            109000115419             I09020218000001154100011541            09121700000000501673417788315000000000016600000000000000000000000000000000000000000000000000000000000000000000000000016600000000000000000000000000         00000000000000000000000MISTER P DE COPA PIZZARIA LTDA                                        000146
10205539814000112041300648601        CLEAN AMBIENTAL          00011550            109000115500             I09020218000001155000011550            09121700000000320793417788315000000000016600000000000000000000000000000000000000000000000000000000000000000000000000016600000000000000000000000000         00000000000000000000000BARRA PAPELARIA LIVRARIA E BRI                                        000147
10205539814000112041300648601        CLEAN AMBIENTAL          00011552            109000115526             I09020218000001155200011552            09121700000000223843417788315000000000016600000000000000000000000000000000000000000000000000000000000000000000000000016600000000000000000000000000         00000000000000000000000NERY'S MERCADINHO LTDA - ME                                           000148
10205539814000112041300648601        CLEAN AMBIENTAL          00011580            109000115807             I09020218000001158000011580            09121700000000169213417788315000000000016600000000000000000000000000000000000000000000000000000000000000000000000000016600000000000000000000000000         00000000000000000000000RESTAURANTE E BAR REPLACA LTDA                                        000149
10205539814000112041300648601        CLEAN AMBIENTAL          00011955            109000119551             I09020218000001195500011955            09121700000000645793417788315000000000016600000000000000000000000000000000000000000000000000000000000000000000000000016600000000000000000000000000         00000000000000000000000LA RESIDENCE CENTRO RESIDENCIA                                        000150
10205539814000112041300648601        CLEAN AMBIENTAL          00011977            109000119775             I09020218000001197700011977            09121700000000207113417788315000000000016600000000000000000000000000000000000000000000000000000000000000000000000000016600000000000000000000000000         00000000000000000000000BEACH BACKPACKERS HOSTEL LTDA                                         000151
10205539814000112041300648601        CLEAN AMBIENTAL          00011985            109000119858             I09020218000001198500011985            09121700000003248473417788315000000000016600000000000000000000000000000000000000000000000000000000000000000000000000016600000000000000000000000000         00000000000000000000000ASSOCIACAO DE MORADORES QUINTA                                        000152
10205539814000112041300648601        CLEAN AMBIENTAL          00012002            109000120021             I09020218000001200200012002            09121700000000331323417788315000000000016600000000000000000000000000000000000000000000000000000000000000000000000000016600000000000000000000000000         00000000000000000000000MESTRE SALA ALIMENTACAO LTDA M                                        000153
10205539814000112041300648601        CLEAN AMBIENTAL          00012003            109000120039             I09020218000001200300012003            09121700000000162373417788315000000000016600000000000000000000000000000000000000000000000000000000000000000000000000016600000000000000000000000000         00000000000000000000000BAR PAISAGEM DA CIDADE LTDA -                                         000154
10205539814000112041300648601        CLEAN AMBIENTAL          00012021            109000120211             I09020218000001202100012021            09121700000000159213417788315000000000016600000000000000000000000000000000000000000000000000000000000000000000000000016600000000000000000000000000         00000000000000000000000MS REFEICOES E LANCHONETE EIRE                                        000155
10205539814000112041300648601                                 21256257            157212562571             I02020218085015    21256257            050218000000009442134128977  000000000000000000000000000000000000000000000000000000000000000000000000000000000000000000000000000000000000000000000         00000000000000000000000SPORT SUCOS GAVEA CONFEITARIA                                         000156
10205539814000112041300648601                                 21274696            157212746968             I02020218020203.1  21274696            050218000000005461434128977  000000000000000000000000000000000000000000000000000000000000000000000000000000000000000000000000000000000000000000000         00000000000000000000000RESTAURANTE GARFO E SABOR LTDA                                        000157
10205539814000112041300648601                                 21297956            157212979569             I02020218100772/01 21297956            050218000000001368434128977  000000000000000000000000000000000000000000000000000000000000000000000000000000000000000000000000000000000000000000000         00000000000000000000000VILLAGE MOLDURAS E ESPELHOS LT                                        000158
10205539814000112041300648601                                 21298588            157212985889             I02020218100772/02 21298588            070218000000001368434128977  000000000000000000000000000000000000000000000000000000000000000000000000000000000000000000000000000000000000000000000         00000000000000000000000VILLAGE MOLDURAS E ESPELHOS LT                                        000159
10205539814000112041300648601                                 21334294            157213342940             I02020218028900.1  21334294            050218000000001550334128977  000000000000000000000000000000000000000000000000000000000000000000000000000000000000000000000000000000000000000000000         00000000000000000000000CAFE E BAR LICEU                                                      000160
10205539814000112041300648601                                 21353768            157213537689             I02020218999051/ 5 21353768            060218000000000600034128977  000000000000000000000000000000000000000000000000000000000000000000000000000000000000000000000000000000000000000000000         00000000000000000000000ODONTO CLINICA CRISTIANE ANDRA                                        000161
10205539814000112041300648601                                 21355741            157213557414             I02020218999051/7  21355741            060218000000000600034128977  000000000000000000000000000000000000000000000000000000000000000000000000000000000000000000000000000000000000000000000         00000000000000000000000ODONTO CLINICA CRISTIANE ANDRA                                        000162
10205539814000112041300648601                                 21387256            157213872565             I02020218095264    21387256            200218000000002105334128977  000000000000000000000000000000000000000000000000000000000000000000000000000000000000000000000000000000000000000000000         00000000000000000000000MERCALANCHE & LATICINIOS DA ES                                        000163
10205539814000112041300648601                                 21432258            157214322586             I02020218085356.4  21432258            050218000000002449734128977  000000000000000000000000000000000000000000000000000000000000000000000000000000000000000000000000000000000000000000000         00000000000000000000000PREMIER SERVICOS DE SAUDE LTDA                                        000164
10205539814000112041300648601                                 21449815            157214498154             I02020218096168.1  21449815            200218000000002254734128977  000000000000000000000000000000000000000000000000000000000000000000000000000000000000000000000000000000000000000000000         00000000000000000000000HORTIFRUTI SUPER VITORIA EIREL                                        000165
10205539814000112041300648601                                 21453336            157214533364             I02020218096168.2  21453336            220218000000002128434128977  000000000000000000000000000000000000000000000000000000000000000000000000000000000000000000000000000000000000000000000         00000000000000000000000HORTIFRUTI SUPER VITORIA EIREL                                        000166
10205539814000112041300648601                                 21456194            157214561944             I02020218096168.3  21456194            260218000000002278434128977  000000000000000000000000000000000000000000000000000000000000000000000000000000000000000000000000000000000000000000000         00000000000000000000000HORTIFRUTI SUPER VITORIA EIREL                                        000167
10205539814000112041300648601                                 21471009            157214710095             I02020218095401.1  21471009            200218000000001915834128977  000000000000000000000000000000000000000000000000000000000000000000000000000000000000000000000000000000000000000000000         00000000000000000000000PASTELARIA CHIC DE CAMPO GRAND                                        000168
10205539814000112041300648601                                 21492540            157214925404             I02020218032793.1  21492540            070218000000004168434128977  000000000000000000000000000000000000000000000000000000000000000000000000000000000000000000000000000000000000000000000         00000000000000000000000CAFE E BAR BROCHADO LTDA                                              000169
10205539814000112041300648601                                 21500820            157215008200             I02020218096390.1  21500820            150218000000001526334128977  000000000000000000000000000000000000000000000000000000000000000000000000000000000000000000000000000000000000000000000         00000000000000000000000PREFACIOS BAR RESTAURANTE LTDA                                        000170
10205539814000112041300648601                                 20625458            157206254581             I06020218018773    20625458            020218000000003381834138208  000000000000000000000000000000000000000000000000000000000000000000000000000000000000003381800000000000000000000000000   02021800000000000000000000000BROWNE DE PAULA DENTISTAS ASSO                                      CP000171
10205539814000112041300648601                                 21180968            157211809684             I06020218096323.4  21180968            020218000000003033734102691  000000000000000000000000000000000000000000000000000000000000000000000000000000000000003033700000000000000000000000000   02021800000000000000000000000CONDOMINIO DO EDIFICIO CELESTE                                      CK000172
10205539814000112041300648601                                 21274696            157212746968             I06020218020203.1  21274696            050218000000005461434183899  000000000000000000000000000000000000000000000000000000000000000000000000000000000000005461400000000000000000000000000   02021800000000000000000000000RESTAURANTE GARFO E SABOR LTDA                                      CP000173
10205539814000112041300648601                                 21353768            157213537689             I06020218999051/ 5 21353768            060218000000000600034132391  000000000000000000000000000000000000000000000000000000000000000000000000000000000000000600000000000000000000000000000   02021800000000000000000000000ODONTO CLINICA CRISTIANE ANDRA                                      AA000174
10205539814000112041300648601                                 93279914            157932799149             I0902021808573708  93279914            091217000000004210534177883  000000000000000000000000000000000000000000000000000000000000000000000000000000000000000000000000000000000000000000000         00000000000000000000000JK COMERCIO DE ALIMENTOS LTDA                                         000175
9201341          000000000000000000000000000000          000000000000000000000000000000                                                  000000000000000000000000000000          0000222200000122382156  02/02S018450000017400000008326625                                                                                                                                                                000176
