02RETORNO01COBRANCA       600900382117        PADRAO AMBIENTAL COLETA       341BANCO ITAU S.A.03011801600BPI01099030118                                                                                                                                                                                                                                                                                   000001
10213647096000126600900382117        PADRAO AMBIENTAL COLETA E93367603            109933676032             I04030118009336760393367603            03011800000000058293410059615000000000000000000000000000000000000000000000000000000000000000000000000000000000000000000000000000000000000000000000         00000000000000000000000VIVIAN MACEDO ROCHA PERELLO                                           000002
10213647096000126600900382117                                 00000040            109000000405             I06030118          00000040            000000000000000610410402337  000000000017000000000000000000000000000000000000000000000000000000000000000000000000000593400000000000000000000000000   03011800000000000000000000000                                                                    B3000003
10213647096000126600900382117                                 00000055            109000000553             I06030118          00000055            000000000000001021903342861  000000000017000000000000000000000000000000000000000000000000000000000000000000000000001004900000000000000000000000000   03011800000000000000000000000                                                                    B3000004
10213647096000126600900382117                                 00000072            109000000728             I06030118          00000072            000000000000000612634193716  000000000017000000000000000000000000000000000000000000000000000000000000000000000000000595600000000000000000000000000   03011800000000000000000000000                                                                    CP000005
10213647096000126600900382117                                 00000133            109000001338             I06030118          00000133            000000000000000854623730072  000000000017000000000000000000000000000000000000000000000000000000000000000000000000000837600000000000000000000000000   03011800000000000000000000000                                                                    B3000006
10213647096000126600900382117                                 00000158            109000001585             I06030118          00000158            000000000000000365834156317  000000000017000000000000000000000000000000000000000000000000000000000000000000000000000348800000000000000000000000000   03011800000000000000000000000                                                                    CK000007
10213647096000126600900382117                                 02203727            109022037278             I06030118          02203727            000000000000001683734191629  000000000017000000000000000000000000000000000000000000000000000000000000000000000000001760700000000009400000000000000   03011800000000000000000000000                                                                    CP000008
10213647096000126600900382117                                 02310667            109023106676             I06030118          02310667            000000000000001381234160095  000000000017000000000000000000000000000000000000000000000000000000000000000000000000001441300000000007710000000000000   03011800000000000000000000000                                                                    CP000009
10213647096000126600900382117                                 03003922            109030039225             I06030118          03003922            000000000000000666434165417  000000000017000000000000000000000000000000000000000000000000000000000000000000000000000649400000000000000000000000000   03011800000000000000000000000                                                                    CP000010
10213647096000126600900382117        PADRAO AMBIENTAL COLETA E03044827            109030448277             I06030118000304482703044827            01011800000000064663416266115000000000017000000000000000000000000000000000000000000000000000000000000000000000000000647500000000001790000000000000   03011800000000000000000000000CARLOS FELIPE BRAGANCA CURI                                         CP000011
10213647096000126600900382117        PADRAO AMBIENTAL COLETA E93135326            109931353261             I06030118009313532693135326            01011800000000113861044062615000000000017000000000000000000000000000000000000000000000000000000000000000000000000001153400000000003180000000000000   03011800000000000000000000000DROGARIA ARQUIPELAGO LTDA                                           B1000012
10213647096000126600900382117        PADRAO AMBIENTAL COLETA E93147324            109931473242             I06030118009314732493147324            22121700000000096623410059615000000000017000000000000000000000000000000000000000000000000000000000000000000000000001014100000000006490000000000000   03011800000000000000000000000CLEUDENIR PENA GONCALVES                                            CP000013
10213647096000126600900382117        PADRAO AMBIENTAL COLETA E93167109            109931671092             I06030118009316710993167109            12121700000000086053414077415000000000017000000000000000000000000000000000000000000000000000000000000000000000000000935500000000009200000000000000   03011800000000000000000000000VITOR BARD SODRE                                                    CP000014
10213647096000126600900382117        PADRAO AMBIENTAL COLETA E93187320            109931873201             I06030118009318732093187320            21121700000000123291043406615000000000017000000000000000000000000000000000000000000000000000000000000000000000000001304300000000008840000000000000   03011800000000000000000000000CONSULTORIO VETERINARIO DOS AN                                      B5000015
10213647096000126600900382117                                 93202016            109932020166             I06030118          93202016            000000000000000746534161739  000000000017000000000000000000000000000000000000000000000000000000000000000000000000000834400000000010490000000000000   03011800000000000000000000000                                                                    CP000016
10213647096000126600900382117                                 93270118            109932701187             I06030118          93270118            000000000000001718834130692  000000000017000000000000000000000000000000000000000000000000000000000000000000000000001798300000000009650000000000000   03011800000000000000000000000                                                                    CP000017
10213647096000126600900382117        PADRAO AMBIENTAL COLETA E93419306            109934193060             I06030118009341930693419306            01011800000000099742372922315000000000017000000000000000000000000000000000000000000000000000000000000000000000000000998300000000001790000000000000   03011800000000000000000000000GEN STUDIO DE BELEZA LTDA - ME                                      B3000018
10213647096000126600900382117        PADRAO AMBIENTAL COLETA E93511306            109935113067             I06030118009351130693511306            19111700000000041113416173915000000000017000000000000000000000000000000000000000000000000000000000000000000000000000474300000000008020000000000000   03011800000000000000000000000PAULO ROBERTO SILVA DE CARVALH                                      CP000019
10213647096000126600900382117        PADRAO AMBIENTAL COLETA E93577407            109935774074             I06030118009357740793577407            20121700000000099213419268415000000000017000000000000000000000000000000000000000000000000000000000000000000000000001049500000000007440000000000000   03011800000000000000000000000THIAGO SOUZA FREITAS                                                CP000020
10213647096000126600900382117        PADRAO AMBIENTAL COLETA E99812704            109998127046             I06030118009981270499812704            07121700000000068163418865815000000000017000000000000000000000000000000000000000000000000000000000000000000000000000751100000000008650000000000000   03011800000000000000000000000HAIR BOX M3 INSTITUTO DE BELEZ                                      CK000021
10213647096000126600900382117                                 99812705            109998127053             I06030118          99812705            000000000000000631634188658  000000000017000000000000000000000000000000000000000000000000000000000000000000000000000614600000000000000000000000000   03011800000000000000000000000                                                                    CK000022
10213647096000126600900382117        PADRAO AMBIENTAL COLETA E99879605            109998796055             I06030118009987960599879605            25121700000000078683415663015000000000017000000000000000000000000000000000000000000000000000000000000000000000000000813400000000004360000000000000   03011800000000000000000000000SILVIA CRISTINA SILVA LEITAO                                        CP000023
10213647096000126600900382117        PADRAO AMBIENTAL COLETA E93147023            109931470230             I09030118009314702393147023            09111700000000125193417788315000000000017000000000000000000000000000000000000000000000000000000000000000000000000000017000000000000000000000000000         00000000000000000000000THE PET SHOP COMERCIO LTDA - E                                        000024
10213647096000126600900382117        PADRAO AMBIENTAL COLETA E93147922            109931479223             I09030118009314792293147922            09111700000000102023417788315000000000017000000000000000000000000000000000000000000000000000000000000000000000000000017000000000000000000000000000         00000000000000000000000KAMYLLA DA COSTA ARAUJO                                               000025
10213647096000126600900382117        PADRAO AMBIENTAL COLETA E93373005            109933730052             I09030118009337300593373005            09111700000000086143417788315000000000017000000000000000000000000000000000000000000000000000000000000000000000000000017000000000000000000000000000         00000000000000000000000ZENAIDE DE ALMEIDA LIMA                                               000026
10213647096000126600900382117        PADRAO AMBIENTAL COLETA E93425804            109934258046             I09030118009342580493425804            09111700000000063163417788315000000000017000000000000000000000000000000000000000000000000000000000000000000000000000017000000000000000000000000000         00000000000000000000000SOLUCAO DOS PES E SAUDE LTDA M                                        000027
10213647096000126600900382117        PADRAO AMBIENTAL COLETA E93531202            109935312024             I09030118009353120293531202            09111700000000066223417788315000000000017000000000000000000000000000000000000000000000000000000000000000000000000000017000000000000000000000000000         00000000000000000000000ANDERSON LEITE COSTA                                                  000028
10213647096000126600900382117        PADRAO AMBIENTAL COLETA E93533405            109935334051             I09030118009353340593533405            09111700000000083953417788315000000000017000000000000000000000000000000000000000000000000000000000000000000000000000017000000000000000000000000000         00000000000000000000000ELIANA BITES DE CASTRO LIMA                                           000029
10213647096000126600900382117        PADRAO AMBIENTAL COLETA E93534505            109935345057             I09030118009353450593534505            09111700000000068163417788315000000000017000000000000000000000000000000000000000000000000000000000000000000000000000017000000000000000000000000000         00000000000000000000000ERICA BARBOSA MADEIRA ME                                              000030
10213647096000126600900382117        PADRAO AMBIENTAL COLETA E93570904            109935709047             I09030118009357090493570904            09111700000000063163417788315000000000017000000000000000000000000000000000000000000000000000000000000000000000000000017000000000000000000000000000         00000000000000000000000JULIANA COSTA NUNES BORGES                                            000031
10213647096000126600900382117        PADRAO AMBIENTAL COLETA E93572103            109935721034             I09030118009357210393572103            09111700000000103423417788315000000000017000000000000000000000000000000000000000000000000000000000000000000000000000017000000000000000000000000000         00000000000000000000000NSUKA POZI                                                            000032
10213647096000126600900382117        PADRAO AMBIENTAL COLETA E99785104            109997851042             I09030118009978510499785104            09111700000000056323417788315000000000017000000000000000000000000000000000000000000000000000000000000000000000000000017000000000000000000000000000         00000000000000000000000MISTERS COMERCIO DE PRODUTOS P                                        000033
10213647096000126600900382117        PADRAO AMBIENTAL COLETA E99785204            109997852040             I09030118009978520499785204            09111700000000057633417788315000000000017000000000000000000000000000000000000000000000000000000000000000000000000000017000000000000000000000000000         00000000000000000000000ANIELE CRISTINA PERES TOMAZ                                           000034
10213647096000126600900382117        PADRAO AMBIENTAL COLETA E99785804            109997858047             I09030118009978580499785804            09111700000000063163417788315000000000017000000000000000000000000000000000000000000000000000000000000000000000000000017000000000000000000000000000         00000000000000000000000CORONEL BARBER SHOP EIRELI ME                                         000035
10213647096000126600900382117        PADRAO AMBIENTAL COLETA E99798504            109997985048             I09030118009979850499798504            09111700000000066843417788315000000000017000000000000000000000000000000000000000000000000000000000000000000000000000017000000000000000000000000000         00000000000000000000000ASSESSORIA ODONTO MEDICA XINGU                                        000036
10213647096000126600900382117        PADRAO AMBIENTAL COLETA E99810604            109998106040             I09030118009981060499810604            09111700000000063163417788315000000000017000000000000000000000000000000000000000000000000000000000000000000000000000017000000000000000000000000000         00000000000000000000000FLAVIO ARAUJO SANTOS                                                  000037
10213647096000126600900382117        PADRAO AMBIENTAL COLETA E99859304            109998593049             I09030118009985930499859304            09111700000000075533417788315000000000017000000000000000000000000000000000000000000000000000000000000000000000000000017000000000000000000000000000         00000000000000000000000WANESSA FERNANDES SALES                                               000038
10213647096000126600900382117        PADRAO AMBIENTAL COLETA E99877202            109998772023             I09030118009987720299877202            09111700000000071843417788315000000000017000000000000000000000000000000000000000000000000000000000000000000000000000017000000000000000000000000000         00000000000000000000000R BARCELOS RIBEIRO ODONTOLOGIA                                        000039
10213647096000126600900382117        PADRAO AMBIENTAL COLETA E99881904            109998819048             I09030118009988190499881904            09111700000000068163417788315000000000017000000000000000000000000000000000000000000000000000000000000000000000000000017000000000000000000000000000         00000000000000000000000MFA LEITAO BARBEARIA ME                                               000040
10213647096000126600900382117                                 15609444            157156094441             I02030118931134/26 15609444            100118000000001689734128977  000000000000000000000000000000000000000000000000000000000000000000000000000000000000000000000000000000000000000000000         00000000000000000000000CAIXA DE ASSISTENCIA DOS FUNC                                         000041
10213647096000126600900382117                                 15613211            157156132118             I02030118931136/27 15613211            100118000000001726534128977  000000000000000000000000000000000000000000000000000000000000000000000000000000000000000000000000000000000000000000000         00000000000000000000000CAIXA DE ASSISTENCIA DOS FUNC                                         000042
10213647096000126600900382117                                 05311538            157053115380             I09030118014581/21 05311538            091117000000002556934177883  000000000000000000000000000000000000000000000000000000000000000000000000000000000000000000000000000000000000000000000         00000000000000000000000CLINICA VETERINARIA CRISTIANE                                         000043
9201341          000000000000000000000000000000          000000000000000000000000000000                                                  000000000000000000000000000000          0000069600000010068295  03/01S010990000004200000000384039                                                                                                                                                                000044
