02RETORNO01COBRANCA       041300648601        CLEAN AMB SERV COL TRANSP LTDA341BANCO ITAU S.A.03011801600BPI01823030118                                                                                                                                                                                                                                                                                   000001
10205539814000112041300648601        CLEAN AMBIENTAL          00008160            109000081603             I04030118000000816000008160            04011800000000155003412897715000000000000000000000000000000000000000000000000000000000000000000000000000000000000000000000000000000000000000000000         00000000000000000000000AMIOSO DO SENHOR SUCOS E LANCH                                        000002
10205539814000112041300648601        CLEAN AMBIENTAL          00011655            109000116557             I04030118000001165500011655            03011800000000157893412897715000000000000000000000000000000000000000000000000000000000000000000000000000000000000000000000000000000000000000000000         00000000000000000000000RR GARCEZ 905 LANCHES E REFEIC                                        000003
10205539814000112041300648601        CLEAN AMBIENTAL          00011930            109000119304             I04030118000001193000011930            05011800000000152373412897715000000000000000000000000000000000000000000000000000000000000000000000000000000000000000000000000000000000000000000000         00000000000000000000000AMIOSO DO SENHOR SUCOS E LANCH                                        000004
10205539814000112041300648601        CLEAN AMBIENTAL          00012438            109000124387             I04030118000001243800012438            03011800000000305093412897715000000000000000000000000000000000000000000000000000000000000000000000000000000000000000000000000000000000000000000000         00000000000000000000000CUITE COZINHA VEGETARIANA LTDA                                        000005
10205539814000112041300648601        CLEAN AMBIENTAL          00012552            109000125525             I04030118000001255200012552            03011800000000333673412897715000000000000000000000000000000000000000000000000000000000000000000000000000000000000000000000000000000000000000000000         00000000000000000000000BAR TIO PATINHAS LTDA - EPP                                           000006
10205539814000112041300648601        CLEAN AMBIENTAL          00012960            109000129600             I04030118000001296000012960            04011800000000428003412897715000000000000000000000000000000000000000000000000000000000000000000000000000000000000000000000000000000000000000000000         00000000000000000000000A NOSSA SORVETERIA LTDA                                               000007
10205539814000112041300648601        CLEAN AMBIENTAL          00013656            109000136563             I04030118000001365600013656            04011800000001287893412897715000000000000000000000000000000000000000000000000000000000000000000000000000000000000000000000000000000000000000000000         00000000000000000000000CONDOMINIO DO EDIFICIO BAYSIDE                                        000008
10205539814000112041300648601        CLEAN AMBIENTAL          00014060            109000140607             I04030118000001406000014060            05011800000000134113412897715000000000000000000000000000000000000000000000000000000000000000000000000000000000000000000000000000000000000000000000         00000000000000000000000NOVA GERACAO COMESTIVEIS LTDA                                         000009
10205539814000112041300648601        CLEAN AMBIENTAL          00014133            109000141332             I04030118000001413300014133            03011800000000944633412897715000000000000000000000000000000000000000000000000000000000000000000000000000000000000000000000000000000000000000000000         00000000000000000000000CONDOMINIO DO EDIFICIO SENADOR                                        000010
10205539814000112041300648601        CLEAN AMBIENTAL          00014497            109000144971             I04030118000001449700014497            29121700000000417233412897715000000000000000000000000000000000000000000000000000000000000005000000000000000000000000000000000000000000000000000000         00000000000000000000000LANCHONETE NIMUSA LTDA - ME                                           000011
10205539814000112041300648601        CLEAN AMBIENTAL          00014786            109000147867             I04030118000001478600014786            03011800000000478953412897715000000000000000000000000000000000000000000000000000000000000000000000000000000000000000000000000000000000000000000000         00000000000000000000000ANTONIA CASA E CAFE EIRELI - M                                        000012
10205539814000112041300648601        CLEAN AMBIENTAL          00014886            109000148865             I04030118000001488600014886            05011800000000189473412897715000000000000000000000000000000000000000000000000000000000000000000000000000000000000000000000000000000000000000000000         00000000000000000000000UNI DUNI TE BUFFET INFANTIL LT                                        000013
10205539814000112041300648601        CLEAN AMBIENTAL          00014957            109000149574             I04030118000001495700014957            17011800000001960513412897715000000000000000000000000000000000000000000000000000000000000000000000000000000000000000000000000000000000000000000000         00000000000000000000000TERRAS DE AVENTURA INDUSTRIA E                                        000014
10205539814000112041300648601        CLEAN AMBIENTAL          00015051            109000150515             I04030118000001505100015051            10011800000001380273412897715000000000000000000000000000000000000000000000000000000000000005000000000000000000000000000000000000000000000000000000         00000000000000000000000CONDOMINIO GUADALUPE SHOPPING                                         000015
10205539814000112041300648601        CLEAN AMBIENTAL          00015641            109000156413             I04030118000001564100015641            04011800000000200003412897715000000000000000000000000000000000000000000000000000000000000031580000000000000000000000000000000000000000000000000000         00000000000000000000000HORTIFRUTAS RAIZES DA TERRA EI                                        000016
10205539814000112041300648601        CLEAN AMBIENTAL          00015657            109000156579             I04030118000001565700015657            10011800000000270953412897715000000000000000000000000000000000000000000000000000000000000000000000000000000000000000000000000000000000000000000000         00000000000000000000000NOVA GERACAO COMESTIVEIS LTDA                                         000017
10205539814000112041300648601        CLEAN AMBIENTAL          00015884            109000158849             I02030118000001588400015884            29011800000000100003412897715000000000000000000000000000000000000000000000000000000000000000000000000000000000000000000000000000000330000000000000         00000000000000000000000PAPELARIA ELITE LTDA                                                  000018
10205539814000112041300648601        CLEAN AMBIENTAL          00015885            109000158856             I02030118000001588500015885            28021800000000100003412897715000000000000000000000000000000000000000000000000000000000000000000000000000000000000000000000000000000330000000000000         00000000000000000000000PAPELARIA ELITE LTDA                                                  000019
10205539814000112041300648601        CLEAN AMBIENTAL          00015886            109000158864             I02030118000001588600015886            29031800000000100003412897715000000000000000000000000000000000000000000000000000000000000000000000000000000000000000000000000000000330000000000000         00000000000000000000000PAPELARIA ELITE LTDA                                                  000020
10205539814000112041300648601        CLEAN AMBIENTAL          00015887            109000158872             I02030118000001588700015887            10011800000000419913412897715000000000000000000000000000000000000000000000000000000000000000000000000000000000000000000000000000001380000000000000         00000000000000000000000COLOR GRAF GRAFICA E EDITORA L                                        000021
10205539814000112041300648601        CLEAN AMBIENTAL          00015888            109000158880             I02030118000001588800015888            07011800000002044673412897715000000000000000000000000000000000000000000000000000000000000000000000000000000000000000000000000000000010000000000000         00000000000000000000000JH BAR E RESTAURANTE LTDA                                             000022
10205539814000112041300648601        CLEAN AMBIENTAL          00015890            109000158906             I02030118000001589000015890            07011800000001213013412897715000000000000000000000000000000000000000000000000000000000000000000000000000000000000000000000000000004000000000000000         00000000000000000000000LCB CONFECCOES EIRELI                                                 000023
10205539814000112041300648601        CLEAN AMBIENTAL          00015891            109000158914             I02030118000001589100015891            10011800000000590233412897715000000000000000000000000000000000000000000000000000000000000000000000000000000000000000000000000000001950000000000000         00000000000000000000000VERTENTE EDUCACAO LTDA EPP                                            000024
10205539814000112041300648601        CLEAN AMBIENTAL          00015892            109000158922             I02030118000001589200015892            07011800000000648033412897715000000000000000000000000000000000000000000000000000000000000000000000000000000000000000000000000000002140000000000000         00000000000000000000000MESTILO CAFE P. RESTAURANTE LT                                        000025
10205539814000112041300648601        CLEAN AMBIENTAL          00015893            109000158930             I02030118000001589300015893            07011800000000655973412897715000000000000000000000000000000000000000000000000000000000000000000000000000000000000000000000000000002160000000000000         00000000000000000000000AUTO POSTO NOVO GALEAO LTDA                                           000026
10205539814000112041300648601        CLEAN AMBIENTAL          00015894            109000158948             I02030118000001589400015894            12011800000000380423412897715000000000000000000000000000000000000000000000000000000000000000000000000000000000000000000000000000001250000000000000         00000000000000000000000CAFE E BAR FAFENSE LTDA                                               000027
10205539814000112041300648601        CLEAN AMBIENTAL          00015895            109000158955             I02030118000001589500015895            10011800000001107323412897715000000000000000000000000000000000000000000000000000000000000000000000000000000000000000000000000000003650000000000000         00000000000000000000000CONDOMINIO DO EDIFICIO NATAN                                          000028
10205539814000112041300648601        CLEAN AMBIENTAL          00015896            109000158963             I02030118000001589600015896            07011800000001144763412897715000000000000000000000000000000000000000000000000000000000000000000000000000000000000000000000000000003780000000000000         00000000000000000000000INSTITUTO GUANABARA LTDA                                              000029
10205539814000112041300648601        CLEAN AMBIENTAL          00015897            109000158971             I02030118000001589700015897            07011800000001345633412897715000000000000000000000000000000000000000000000000000000000000000000000000000000000000000000000000000004440000000000000         00000000000000000000000RSV - TT BURGER ALIMENTOS LTDA                                        000030
10205539814000112041300648601        CLEAN AMBIENTAL          00015898            109000158989             I02030118000001589800015898            12011800000000441803412897715000000000000000000000000000000000000000000000000000000000000000000000000000000000000000000000000000001460000000000000         00000000000000000000000CAFE E BAR JOIA DO BOTANICO LT                                        000031
10205539814000112041300648601        CLEAN AMBIENTAL          00015899            109000158997             I02030118000001589900015899            15011800000000762323412897715000000000000000000000000000000000000000000000000000000000000000000000000000000000000000000000000000002510000000000000         00000000000000000000000OMG BURGUER COMERCIAL LTDA                                            000032
10205539814000112041300648601        CLEAN AMBIENTAL          00015900            109000159003             I02030118000001590000015900            12011800000000404343412897715000000000000000000000000000000000000000000000000000000000000000000000000000000000000000000000000000001330000000000000         00000000000000000000000BOMBONIERE E SORVETERIA BOLONH                                        000033
10205539814000112041300648601        CLEAN AMBIENTAL          00015901            109000159011             I02030118000001590100015901            12011800000000394223412897715000000000000000000000000000000000000000000000000000000000000000000000000000000000000000000000000000001300000000000000         00000000000000000000000BOM LEVAR BAR E RESTAURANTE LT                                        000034
10205539814000112041300648601        CLEAN AMBIENTAL          00015902            109000159029             I02030118000001590200015902            07011800000002798413412897715000000000000000000000000000000000000000000000000000000000000000000000000000000000000000000000000000000010000000000000         00000000000000000000000TECIDOS E ARMARINHO 253 COM. E                                        000035
10205539814000112041300648601        CLEAN AMBIENTAL          00015903            109000159037             I02030118000001590300015903            07011800000001267093412897715000000000000000000000000000000000000000000000000000000000000000000000000000000000000000000000000000004180000000000000         00000000000000000000000RSVTT BURGUER ALIMENTOS LTDA                                          000036
10205539814000112041300648601        CLEAN AMBIENTAL          00015904            109000159045             I02030118000001590400015904            07011800000001996213412897715000000000000000000000000000000000000000000000000000000000000000000000000000000000000000000000000000000010000000000000         00000000000000000000000CONDOMINIO DO EDIFICIO VITRINE                                        000037
10205539814000112041300648601        CLEAN AMBIENTAL          00015905            109000159052             I02030118000001590500015905            07011800000000255003412897715000000000000000000000000000000000000000000000000000000000000000000000000000000000000000000000000000000840000000000000         00000000000000000000000BARGALA COMERCIO DE DOCES E SA                                        000038
10205539814000112041300648601        CLEAN AMBIENTAL          00015906            109000159060             I02030118000001590600015906            12011800000000333423412897715000000000000000000000000000000000000000000000000000000000000000000000000000000000000000000000000000001100000000000000         00000000000000000000000DUDU DELICIAS LANCHONETE LTDA                                         000039
10205539814000112041300648601        CLEAN AMBIENTAL          00015908            109000159086             I02030118000001590800015908            07011800000000256793412897715000000000000000000000000000000000000000000000000000000000000000000000000000000000000000000000000000000840000000000000         00000000000000000000000ORDEM DOS ADVOGADOS DO BRASIL                                         000040
10205539814000112041300648601        CLEAN AMBIENTAL          00015909            109000159094             I02030118000001590900015909            07011800000000955533412897715000000000000000000000000000000000000000000000000000000000000000000000000000000000000000000000000000003150000000000000         00000000000000000000000DROGARIA SATAMINI LTDA                                                000041
10205539814000112041300648601        CLEAN AMBIENTAL          00015910            109000159102             I02030118000001591000015910            07011800000000501533412897715000000000000000000000000000000000000000000000000000000000000000000000000000000000000000000000000000001650000000000000         00000000000000000000000BAR E RESTAURANTE TAP ROOM LTD                                        000042
10205539814000112041300648601        CLEAN AMBIENTAL          00015911            109000159110             I02030118000001591100015911            07011800000000360453412897715000000000000000000000000000000000000000000000000000000000000000000000000000000000000000000000000000001190000000000000         00000000000000000000000TEATRO AMADOR O TABLADO                                               000043
10205539814000112041300648601        CLEAN AMBIENTAL          00015912            109000159128             I02030118000001591200015912            07011800000000341843412897715000000000000000000000000000000000000000000000000000000000000000000000000000000000000000000000000000001130000000000000         00000000000000000000000LAR GERIATRICO CORACAO DE MARI                                        000044
10205539814000112041300648601        CLEAN AMBIENTAL          00015914            109000159144             I02030118000001591400015914            07011800000000206063412897715000000000000000000000000000000000000000000000000000000000000000000000000000000000000000000000000000000680000000000000         00000000000000000000000P A RODRIGUES HORTIFRUTI - ME                                         000045
10205539814000112041300648601        CLEAN AMBIENTAL          00015915            109000159151             I02030118000001591500015915            07011800000000178953412897715000000000000000000000000000000000000000000000000000000000000000000000000000000000000000000000000000000590000000000000         00000000000000000000000AGOSTINHA DA S RODRIGUES HORTI                                        000046
10205539814000112041300648601        CLEAN AMBIENTAL          00015916            109000159169             I02030118000001591600015916            07011800000000176003412897715000000000000000000000000000000000000000000000000000000000000000000000000000000000000000000000000000000580000000000000         00000000000000000000000JOHNY'S BAR E LANCHONETE LTDA                                         000047
10205539814000112041300648601        CLEAN AMBIENTAL          00015917            109000159177             I02030118000001591700015917            07011800000000178953412897715000000000000000000000000000000000000000000000000000000000000000000000000000000000000000000000000000000590000000000000         00000000000000000000000SJ RODRIGUES HORTIFRUTI EIRELI                                        000048
10205539814000112041300648601        CLEAN AMBIENTAL          00015918            109000159185             I02030118000001591800015918            07011800000000328423412897715000000000000000000000000000000000000000000000000000000000000000000000000000000000000000000000000000001080000000000000         00000000000000000000000SABOR TFI COMERCIO DE PRODUTOS                                        000049
10205539814000112041300648601        CLEAN AMBIENTAL          00015919            109000159193             I02030118000001591900015919            12011800000000321113412897715000000000000000000000000000000000000000000000000000000000000000000000000000000000000000000000000000001060000000000000         00000000000000000000000PASTELARIA RECANTO DA PRAIA DO                                        000050
10205539814000112041300648601        CLEAN AMBIENTAL          00015920            109000159201             I02030118000001592000015920            12011800000000226053412897715000000000000000000000000000000000000000000000000000000000000000000000000000000000000000000000000000000750000000000000         00000000000000000000000CARLA E MARIO CANTINA LTDA - M                                        000051
10205539814000112041300648601        CLEAN AMBIENTAL          00015921            109000159219             I02030118000001592100015921            07011800000000455953412897715000000000000000000000000000000000000000000000000000000000000000000000000000000000000000000000000000001500000000000000         00000000000000000000000M W PONTO CHIC HORTIFRUTI LTDA                                        000052
10205539814000112041300648601        CLEAN AMBIENTAL          00015923            109000159235             I02030118000001592300015923            07011800000000780163412897715000000000000000000000000000000000000000000000000000000000000000000000000000000000000000000000000000002570000000000000         00000000000000000000000CONDOMINIO DO EDIFICIO COPACAB                                        000053
10205539814000112041300648601        CLEAN AMBIENTAL          00015924            109000159243             I02030118000001592400015924            07011800000000442123412897715000000000000000000000000000000000000000000000000000000000000000000000000000000000000000000000000000001460000000000000         00000000000000000000000RESTAURANTE EPICENTRO LTDA - M                                        000054
10205539814000112041300648601        CLEAN AMBIENTAL          00015926            109000159268             I02030118000001592600015926            20011800000001595163412897715000000000000000000000000000000000000000000000000000000000000000000000000000000000000000000000000000000010000000000000         00000000000000000000000DROGARIAS PACHECO S/A                                                 000055
10205539814000112041300648601        CLEAN AMBIENTAL          00015927            109000159276             I02030118000001592700015927            07011800000000520793412897715000000000000000000000000000000000000000000000000000000000000000000000000000000000000000000000000000001720000000000000         00000000000000000000000CLINICA NOSSA SENHORA DE LOURD                                        000056
10205539814000112041300648601        CLEAN AMBIENTAL          00015928            109000159284             I02030118000001592800015928            07011800000000162893412897715000000000000000000000000000000000000000000000000000000000000000000000000000000000000000000000000000000530000000000000         00000000000000000000000J & M PEIXARIA LTDA - ME                                              000057
10205539814000112041300648601        CLEAN AMBIENTAL          00015929            109000159292             I02030118000001592900015929            07011800000000289213412897715000000000000000000000000000000000000000000000000000000000000000000000000000000000000000000000000000000950000000000000         00000000000000000000000BANDEIRA E FERNANDES BAR E RES                                        000058
10205539814000112041300648601        CLEAN AMBIENTAL          00015930            109000159300             I02030118000001593000015930            07011800000000578683412897715000000000000000000000000000000000000000000000000000000000000000000000000000000000000000000000000000001910000000000000         00000000000000000000000CENTELHA EQUIPAMENTOS ELETRICO                                        000059
10205539814000112041300648601        CLEAN AMBIENTAL          00015931            109000159318             I02030118000001593100015931            07011800000000241843412897715000000000000000000000000000000000000000000000000000000000000000000000000000000000000000000000000000000800000000000000         00000000000000000000000DELICIAS DE COPA COMERCIO DE D                                        000060
10205539814000112041300648601        CLEAN AMBIENTAL          00015932            109000159326             I02030118000001593200015932            07011800000000320793412897715000000000000000000000000000000000000000000000000000000000000000000000000000000000000000000000000000001060000000000000         00000000000000000000000BAZAR E MERCADINHO DA ESTACAO                                         000061
10205539814000112041300648601        CLEAN AMBIENTAL          00015933            109000159334             I02030118000001593300015933            07011800000000336583412897715000000000000000000000000000000000000000000000000000000000000000000000000000000000000000000000000000001110000000000000         00000000000000000000000IGREJA EVANGELICA ASSEMBLEIA D                                        000062
10205539814000112041300648601        CLEAN AMBIENTAL          00015934            109000159342             I02030118000001593400015934            07011800000000320283412897715000000000000000000000000000000000000000000000000000000000000000000000000000000000000000000000000000001060000000000000         00000000000000000000000REFEICOES VILA REAL DE CAMPO G                                        000063
10205539814000112041300648601        CLEAN AMBIENTAL          00015935            109000159359             I02030118000001593500015935            07011800000000320793412897715000000000000000000000000000000000000000000000000000000000000000000000000000000000000000000000000000001060000000000000         00000000000000000000000CENTRAL COOP RIO DE JANEIRO -                                         000064
10205539814000112041300648601        CLEAN AMBIENTAL          00015936            109000159367             I02030118000001593600015936            07011800000000347113412897715000000000000000000000000000000000000000000000000000000000000000000000000000000000000000000000000000001150000000000000         00000000000000000000000GALEAO 634 RESTAURANTE LTDA -                                         000065
10205539814000112041300648601        CLEAN AMBIENTAL          00015938            109000159383             I02030118000001593800015938            12011800000000178683412897715000000000000000000000000000000000000000000000000000000000000000000000000000000000000000000000000000000590000000000000         00000000000000000000000LANCHES HOUSE INVALIDOS LTDA -                                        000066
10205539814000112041300648601        CLEAN AMBIENTAL          00015939            109000159391             I02030118000001593900015939            07011800000000470793412897715000000000000000000000000000000000000000000000000000000000000000000000000000000000000000000000000000001550000000000000         00000000000000000000000FRZ COMERCIO DE ALIMENTOS EIRE                                        000067
10205539814000112041300648601        CLEAN AMBIENTAL          00015940            109000159409             I02030118000001594000015940            07011800000000531113412897715000000000000000000000000000000000000000000000000000000000000000000000000000000000000000000000000000001750000000000000         00000000000000000000000AUTO POSTO BARAO DE MESQUITA L                                        000068
10205539814000112041300648601        CLEAN AMBIENTAL          00015941            109000159417             I02030118000001594100015941            12011800000000241743412897715000000000000000000000000000000000000000000000000000000000000000000000000000000000000000000000000000000800000000000000         00000000000000000000000CAFE E BAR JARDIM DA QUINTA LT                                        000069
10205539814000112041300648601        CLEAN AMBIENTAL          00015942            109000159425             I02030118000001594200015942            07011800000000415533412897715000000000000000000000000000000000000000000000000000000000000000000000000000000000000000000000000000001370000000000000         00000000000000000000000LANCHONETE ARABE DO LIDO LTDA                                         000070
10205539814000112041300648601        CLEAN AMBIENTAL          00015943            109000159433             I02030118000001594300015943            07011800000000226053412897715000000000000000000000000000000000000000000000000000000000000000000000000000000000000000000000000000000750000000000000         00000000000000000000000SISTEMA EDUCACIONAL MOMENTO                                           000071
10205539814000112041300648601        CLEAN AMBIENTAL          00015944            109000159441             I02030118000001594400015944            10011800000000350003412897715000000000000000000000000000000000000000000000000000000000000000000000000000000000000000000000000000001160000000000000         00000000000000000000000CAJU WAY LANCHONETE EIRELI - E                                        000072
10205539814000112041300648601        CLEAN AMBIENTAL          00015945            109000159458             I02030118000001594500015945            12011800000000223953412897715000000000000000000000000000000000000000000000000000000000000000000000000000000000000000000000000000000740000000000000         00000000000000000000000MERCEARIA E CONFEITARIA TRINID                                        000073
10205539814000112041300648601        CLEAN AMBIENTAL          00015946            109000159466             I02030118000001594600015946            12011800000000223953412897715000000000000000000000000000000000000000000000000000000000000000000000000000000000000000000000000000000740000000000000         00000000000000000000000BIG NICE SORVETERIA LTDA - ME                                         000074
10205539814000112041300648601        CLEAN AMBIENTAL          00015947            109000159474             I02030118000001594700015947            07011800000000170793412897715000000000000000000000000000000000000000000000000000000000000000000000000000000000000000000000000000000560000000000000         00000000000000000000000ARTE & MANHA ESPACO CULTURAL                                          000075
10205539814000112041300648601        CLEAN AMBIENTAL          00015948            109000159482             I02030118000001594800015948            07011800000000115533412897715000000000000000000000000000000000000000000000000000000000000000000000000000000000000000000000000000000380000000000000         00000000000000000000000MERCEARIA PRINCESA DE SAO PEDR                                        000076
10205539814000112041300648601        CLEAN AMBIENTAL          00015949            109000159490             I02030118000001594900015949            07011800000000115533412897715000000000000000000000000000000000000000000000000000000000000000000000000000000000000000000000000000000380000000000000         00000000000000000000000SISTEMA EDUCACIONAL MOMENTO                                           000077
10205539814000112041300648601        CLEAN AMBIENTAL          00015950            109000159508             I02030118000001595000015950            07011800000000173423412897715000000000000000000000000000000000000000000000000000000000000000000000000000000000000000000000000000000570000000000000         00000000000000000000000PIPOCA DE COLHER PRODUCAO, COM                                        000078
10205539814000112041300648601        CLEAN AMBIENTAL          00015951            109000159516             I02030118000001595100015951            12011800000000257633412897715000000000000000000000000000000000000000000000000000000000000000000000000000000000000000000000000000000850000000000000         00000000000000000000000ROSEDOL COMERCIO LTDA - ME                                            000079
10205539814000112041300648601        CLEAN AMBIENTAL          00015952            109000159524             I02030118000001595200015952            07011800000000165533412897715000000000000000000000000000000000000000000000000000000000000000000000000000000000000000000000000000000540000000000000         00000000000000000000000AMIOSO DO SENHOR SUCOS E LANCH                                        000080
10205539814000112041300648601        CLEAN AMBIENTAL          00015953            109000159532             I02030118000001595300015953            12011800000000451323412897715000000000000000000000000000000000000000000000000000000000000000000000000000000000000000000000000000001490000000000000         00000000000000000000000CONDOMINIO DO EDIFICIO LANA                                           000081
10205539814000112041300648601        CLEAN AMBIENTAL          00015954            109000159540             I02030118000001595400015954            07011800000000245893412897715000000000000000000000000000000000000000000000000000000000000000000000000000000000000000000000000000000810000000000000         00000000000000000000000BOTTINO MATERIAIS DE CONSTRUCA                                        000082
10205539814000112041300648601        CLEAN AMBIENTAL          00015955            109000159557             I02030118000001595500015955            07011800000000106053412897715000000000000000000000000000000000000000000000000000000000000000000000000000000000000000000000000000000350000000000000         00000000000000000000000BOTTINO MATERIAIS DE CONSTRUCA                                        000083
10205539814000112041300648601        CLEAN AMBIENTAL          00015956            109000159565             I02030118000001595600015956            07011800000000180263412897715000000000000000000000000000000000000000000000000000000000000000000000000000000000000000000000000000000590000000000000         00000000000000000000000BAR E RESTAURANTE VITORIA DA C                                        000084
10205539814000112041300648601        CLEAN AMBIENTAL          00015957            109000159573             I02030118000001595700015957            12011800000000135533412897715000000000000000000000000000000000000000000000000000000000000000000000000000000000000000000000000000000450000000000000         00000000000000000000000LANCHONETE E PIZZARIA PIANOS L                                        000085
10205539814000112041300648601        CLEAN AMBIENTAL          00015959            109000159599             I02030118000001595900015959            07011800000000320793412897715000000000000000000000000000000000000000000000000000000000000000000000000000000000000000000000000000001060000000000000         00000000000000000000000ASSOCIACAO DOS SUBOFICIAIS E S                                        000086
10205539814000112041300648601        CLEAN AMBIENTAL          00015960            109000159607             I02030118000001596000015960            07011800000000207633412897715000000000000000000000000000000000000000000000000000000000000000000000000000000000000000000000000000000680000000000000         00000000000000000000000SO MINEIRO RESTAURANTE LTDA -                                         000087
10205539814000112041300648601        CLEAN AMBIENTAL          00015961            109000159615             I02030118000001596100015961            07011800000000181843412897715000000000000000000000000000000000000000000000000000000000000000000000000000000000000000000000000000000600000000000000         00000000000000000000000CONDOMINIO DO EDIFICIO MARIA C                                        000088
10205539814000112041300648601        CLEAN AMBIENTAL          00015962            109000159623             I02030118000001596200015962            07011800000000187213412897715000000000000000000000000000000000000000000000000000000000000000000000000000000000000000000000000000000620000000000000         00000000000000000000000ABRIGO PRESBITERIANO                                                  000089
10205539814000112041300648601        CLEAN AMBIENTAL          00015963            109000159631             I02030118000001596300015963            07011800000000223953412897715000000000000000000000000000000000000000000000000000000000000000000000000000000000000000000000000000000740000000000000         00000000000000000000000MEGA LANCHES DE CAMPO GRANDE L                                        000090
10205539814000112041300648601        CLEAN AMBIENTAL          00015964            109000159649             I02030118000001596400015964            07011800000000205003412897715000000000000000000000000000000000000000000000000000000000000000000000000000000000000000000000000000000680000000000000         00000000000000000000000H L PIRES COMERCIO DE ALIMENTO                                        000091
10205539814000112041300648601        CLEAN AMBIENTAL          00015965            109000159656             I02030118000001596500015965            07011800000000173423412897715000000000000000000000000000000000000000000000000000000000000000000000000000000000000000000000000000000570000000000000         00000000000000000000000FLOR DE LOTUS COMESTIVEIS LTDA                                        000092
10205539814000112041300648601        CLEAN AMBIENTAL          00015966            109000159664             I02030118000001596600015966            07011800000000286053412897715000000000000000000000000000000000000000000000000000000000000000000000000000000000000000000000000000000940000000000000         00000000000000000000000BAR E CAFETERIA OS XIMENES LTD                                        000093
10205539814000112041300648601        CLEAN AMBIENTAL          00015967            109000159672             I02030118000001596700015967            07011800000000371843412897715000000000000000000000000000000000000000000000000000000000000000000000000000000000000000000000000000001220000000000000         00000000000000000000000JAZZCUISINE RESTAURANTE LTDA -                                        000094
10205539814000112041300648601        CLEAN AMBIENTAL          00015968            109000159680             I02030118000001596800015968            07011800000000223953412897715000000000000000000000000000000000000000000000000000000000000000000000000000000000000000000000000000000740000000000000         00000000000000000000000LUIZ ANTONIO SEGATO                                                   000095
10205539814000112041300648601        CLEAN AMBIENTAL          00015969            109000159698             I02030118000001596900015969            12011800000000131323412897715000000000000000000000000000000000000000000000000000000000000000000000000000000000000000000000000000000430000000000000         00000000000000000000000SOCIEDADE MUSICAL 10 DE MAIO                                          000096
10205539814000112041300648601        CLEAN AMBIENTAL          00015970            109000159706             I02030118000001597000015970            07011800000000131323412897715000000000000000000000000000000000000000000000000000000000000000000000000000000000000000000000000000000430000000000000         00000000000000000000000TIFANI CARDOSO ALBUQUERQUE                                            000097
10205539814000112041300648601        CLEAN AMBIENTAL          00015971            109000159714             I02030118000001597100015971            07011800000000241843412897715000000000000000000000000000000000000000000000000000000000000000000000000000000000000000000000000000000800000000000000         00000000000000000000000ALX PANIFICACAO LTDA                                                  000098
10205539814000112041300648601        PADRAO AMBIENTAL COLETA E00000007            109000000074             I06030118000000000700000007            03011800000000086742373443915000000000016600000000000000000000000000000000000000000000000000000000000000000000000000850800000000000000000000000000   03011800000000000000000000000URGENCIA VETERINARIA LTDA - ME                                      B3000099
10205539814000112041300648601        PADRAO AMBIENTAL COLETA E00000038            109000000389             I06030118000000003800000038            02011800000000036583418787415000000000016600000000000000000000000000000000000000000000000000000000000000000000000000350400000000000120000000000000   03011800000000000000000000000ODONTO PENHA CLINICA ODONOTLOG                                      CK000100
10205539814000112041300648601        PADRAO AMBIENTAL COLETA E00000048            109000000488             I06030118000000004800000048            03011800000001107323419926715000000000016600000000000000000000000000000000000000000000000000000000000000000000000011056600000000000000000000000000   03011800000000000000000000000CONDOMINIO DO EDIFICIO PROKO I                                      CP000101
10205539814000112041300648601        PADRAO AMBIENTAL COLETA E00000051            109000000512             I06030118000000005100000051            03011800000000163747450058815000000000016600000000000000000000000000000000000000000000000000000000000000000000000001620800000000000000000000000000   03011800000000000000000000000EDUARDO COSTA NEVES                                                 B3000102
10205539814000112041300648601        PADRAO AMBIENTAL COLETA E00000056            109000000561             I06030118000000005600000056            03011800000000120213411964615000000000016600000000000000000000000000000000000000000000000000000000000000000000000001185500000000000000000000000000   03011800000000000000000000000MULTI TESTES LABORATORIO VETER                                      CP000103
10205539814000112041300648601        PADRAO AMBIENTAL COLETA E00000058            109000000587             I06030118000000005800000058            03011800000000089210010598315000000000016600000000000000000000000000000000000000000000000000000000000000000000000000875500000000000000000000000000   03011800000000000000000000000MONICA LINHARES LIMA                                                B6000104
10205539814000112041300648601        PADRAO AMBIENTAL COLETA E00000059            109000000595             I06030118000000005900000059            03011800000000121171040208915000000000016600000000000000000000000000000000000000000000000000000000000000000000000001195100000000000000000000000000   03011800000000000000000000000MARCOS MARTINS ALMEIDA                                              B5000105
10205539814000112041300648601        PADRAO AMBIENTAL COLETA E00000077            109000000777             I06030118000000007700000077            03011800000000135001044087315000000000016600000000000000000000000000000000000000000000000000000000000000000000000001333400000000000000000000000000   03011800000000000000000000000WILLIAN JOSE NASCIMENTO                                             B5000106
10205539814000112041300648601        PADRAO AMBIENTAL COLETA E00000079            109000000793             I06030118000000007900000079            05011800000000129813413239115000000000016600000000000000000000000000000000000000000000000000000000000000000000000001281500000000000000000000000000   03011800000000000000000000000BIOODONTTO SERVICOS ODONTOLOGI                                      CP000107
10205539814000112041300648601                                 00000106            109000001064             I06030118          00000106            000000000000000681610413268  000000000016600000000000000000000000000000000000000000000000000000000000000000000000000665000000000000000000000000000   03011800000000000000000000000                                                                    B5000108
10205539814000112041300648601                                 00000107            109000001072             I06030118          00000107            000000000000000681610409951  000000000016600000000000000000000000000000000000000000000000000000000000000000000000000665000000000000000000000000000   03011800000000000000000000000                                                                    B5000109
10205539814000112041300648601                                 00000126            109000001262             I06030118          00000126            000000000000001348103334488  000000000016600000000000000000000000000000000000000000000000000000000000000000000000001331500000000000000000000000000   03011800000000000000000000000                                                                    B3000110
10205539814000112041300648601                                 00000202            109000002021             I06030118          00000202            000000000000000839510409902  000000000016600000000000000000000000000000000000000000000000000000000000000000000000000822900000000000000000000000000   03011800000000000000000000000                                                                    B5000111
10205539814000112041300648601        CLEAN AMBIENTAL          00009981            109000099811             I06030118000000998100009981            29121700000000174683410307915000000000016600000000000000000000000000000000000000000000000000000000000000000000000001758700000000002850000000000000   03011800000000000000000000000BENFICA REFEICOES LTDA ME                                           CP000112
10205539814000112041300648601        CLEAN AMBIENTAL          00010173            109000101732             I06030118000001017300010173            03011800000000138952373060115000000000016600000000000000000000000000000000000000000000000000000000000000000000000001372900000000000000000000000000   03011800000000000000000000000CAFE BAR E RESTAURANTE SANTA B                                      B2000113
10205539814000112041300648601        CLEAN AMBIENTAL          00010909            109000109099             I06030118000001090900010909            03011800000000419282373369615000000000016600000000000000000000000000000000000000000000000000000000000000000000000004176200000000000000000000000000   03011800000000000000000000000TERRAS DE AVENTURA INDUSTRIA D                                      B7000114
10205539814000112041300648601        CLEAN AMBIENTAL          00011328            109000113281             I06030118000001132800011328            10121700000000652630019012615000000000016600000000000000000000000000000000000000000000000000000000000000000000000007005000000000049530000000000000   03011800000000000000000000000POSTO DE ABASTECIMENTO SOL DA                                       B1000115
10205539814000112041300648601        CLEAN AMBIENTAL          00011329            109000113299             I06030118000001132900011329            10121700000000657630019012615000000000016600000000000000000000000000000000000000000000000000000000000000000000000007058800000000049910000000000000   03011800000000000000000000000POSTO DE GASOLINA MARQUES DE S                                      B1000116
10205539814000112041300648601        CLEAN AMBIENTAL          00011495            109000114958             I06030118000001149500011495            07121700000000178950330976115000000000016600000000000000000000000000000000000000000000000000000000000000000000000001932300000000015940000000000000   03011800000000000000000000000ANTONIA\'S GOURMET LTDA - ME                                        B3000117
10205539814000112041300648601        CLEAN AMBIENTAL          00011844            109000118447             I06030118000001184400011844            06121700000000190260334206915000000000016600000000000000000000000000000000000000000000000000000000000000000000000002055500000000016950000000000000   03011800000000000000000000000FERREIRAS FONSECAS RESTAURANTE                                      B2000118
10205539814000112041300648601        CLEAN AMBIENTAL          00012289            109000122894             I06030118000001228900012289            10121700000000210263413031215000000000016600000000000000000000000000000000000000000000000000000000000000000000000002251600000000016560000000000000   03011800000000000000000000000DELART ESTUDIOS CINEMATOGRAFIC                                      CK000119
10205539814000112041300648601        CLEAN AMBIENTAL          00012438            109000124387             I06030118000001243800012438            03011800000000305090013519615000000000016600000000000000000000000000000000000000000000000000000000000000000000000003034300000000000000000000000000   03011800000000000000000000000CUITE COZINHA VEGETARIANA LTDA                                      B2000120
10205539814000112041300648601        CLEAN AMBIENTAL          00012442            109000124429             I06030118000001244200012442            16121700000000807243410357415000000000016600000000000000000000000000000000000000000000000000000000000000000000000008055800000000000000000000000000   03011800000000000000000000000VIA BOM DE PAPO RESTAURANTE LT                                      CP000121
10205539814000112041300648601        CLEAN AMBIENTAL          00012443            109000124437             I06030118000001244300012443            16121700000000546203418055615000000000016600000000000000000000000000000000000000000000000000000000000000000000000005445400000000000000000000000000   03011800000000000000000000000BAR MOCA MENDES LTDA ( BAR DAS                                      CP000122
10205539814000112041300648601        CLEAN AMBIENTAL          00012552            109000125525             I06030118000001255200012552            03011800000000333673410571015000000000016600000000000000000000000000000000000000000000000000000000000000000000000003320100000000000000000000000000   03011800000000000000000000000BAR TIO PATINHAS LTDA - EPP                                         CP000123
10205539814000112041300648601        CLEAN AMBIENTAL          00013224            109000132240             I06030118000001322400013224            05011800000000042100333957815000000000016600000000000000000000000000000000000000000000000000000000000000000000000000404400000000000000000000000000   03011800000000000000000000000ANGRAGAS DO BRASIL POSTO DE GA                                      B7000124
10205539814000112041300648601        CLEAN AMBIENTAL          00013618            109000136183             I06030118000001361800013618            21121700000000194391043072615000000000016600000000000000000000000000000000000000000000000000000000000000000000000002004300000000007700000000000000   03011800000000000000000000000KW LANCHES LTDA - ME                                                B5000125
10205539814000112041300648601        CLEAN AMBIENTAL          00013708            109000137082             I06030118000001370800013708            22121700000000352372376746215000000000016600000000000000000000000000000000000000000000000000000000000000000000000003646300000000013920000000000000   03011800000000000000000000000CAFE E BAR ALVO DO CAMPO LTDA                                       B2000126
10205539814000112041300648601        CLEAN AMBIENTAL          00013799            109000137991             I06030118000001379900013799            23121700000000483953410477015000000000016600000000000000000000000000000000000000000000000000000000000000000000000004997800000000017490000000000000   03011800000000000000000000000CONFEITARIA FLAVIA LTDA - EPP                                       CP000127
10205539814000112041300648601        CLEAN AMBIENTAL          00013978            109000139781             I06030118000001397800013978            08011800000000502522372373915000000000016600000000000000000000000000000000000000000000000000000000000000000000000005008600000000000000000000000000   03011800000000000000000000000TALHOS E RETALHOS ATELIER CONF                                      B7000128
10205539814000112041300648601        CLEAN AMBIENTAL          00014086            109000140862             I06030118000001408600014086            03011800000000132632373060115000000000016600000000000000000000000000000000000000000000000000000000000000000000000001309700000000000000000000000000   03011800000000000000000000000CAFE BAR E RESTAURANTE SANTA B                                      B2000129
10205539814000112041300648601        CLEAN AMBIENTAL          00014119            109000141191             I06030118000001411900014119            29121700000000575373410733615000000000016600000000000000000000000000000000000000000000000000000000000000000000000005831600000000009450000000000000   03011800000000000000000000000HORTIFRUT SAO CLEMENTE LTDA                                         CP000130
10205539814000112041300648601        CLEAN AMBIENTAL          00014133            109000141332             I06030118000001413300014133            03011800000000944633410407715000000000016600000000000000000000000000000000000000000000000000000000000000000000000009429700000000000000000000000000   03011800000000000000000000000CONDOMINIO DO EDIFICIO SENADOR                                      CK000131
10205539814000112041300648601        CLEAN AMBIENTAL          00014227            109000142272             I06030118000001422700014227            22121700000000486350011251815000000000016600000000000000000000000000000000000000000000000000000000000000000000000005023400000000017650000000000000   03011800000000000000000000000LANCHES WYB S LTDA                                                  B2000132
10205539814000112041300648601        CLEAN AMBIENTAL          00014325            109000143254             I06030118000001432500014325            22121700000000266583410311115000000000016600000000000000000000000000000000000000000000000000000000000000000000000002754800000000010560000000000000   03011800000000000000000000000OLIVIA RESTAURANTE COMERCIO DE                                      CP000133
10205539814000112041300648601        CLEAN AMBIENTAL          00014341            109000143411             I06030118000001434100014341            22121700000000336842373567515000000000016600000000000000000000000000000000000000000000000000000000000000000000000003474100000000012230000000000000   03011800000000000000000000000INSTITUTO ALIANCA COM O ADOLES                                      B7000134
10205539814000112041300648601        CLEAN AMBIENTAL          00014347            109000143478             I06030118000001434700014347            27121700000000194392370226115000000000016600000000000000000000000000000000000000000000000000000000000000000000000001965800000000003850000000000000   03011800000000000000000000000FRA & EDU BAR E LATICINIOS LTD                                      B2000135
10205539814000112041300648601        CLEAN AMBIENTAL          00014447            109000144476             I06030118000001444700014447            23121700000000536842372743315000000000016600000000000000000000000000000000000000000000000000000000000000000000000005529000000000017720000000000000   03011800000000000000000000000MASM COPA BAR E DISCOTECA EIRE                                      B3000136
10205539814000112041300648601        CLEAN AMBIENTAL          00014475            109000144757             I06030118000001447500014475            23121700000000241841043072615000000000016600000000000000000000000000000000000000000000000000000000000000000000000002481600000000007980000000000000   03011800000000000000000000000BAR E LANCHONETE PH LTDA - ME                                       B3000137
10205539814000112041300648601        CLEAN AMBIENTAL          00014497            109000144971             I06030118000001449700014497            29121700000000417230334466915000000000016600000000000000000000000000000000000000000000000000000000000000000000000004210800000000005510000000000000   03011800000000000000000000000LANCHONETE NIMUSA LTDA - ME                                         B1000138
10205539814000112041300648601        CLEAN AMBIENTAL          00014786            109000147867             I06030118000001478600014786            03011800000000478953410459815000000000016600000000000000000000000000000000000000000000000000000000000000000000000004772900000000000000000000000000   03011800000000000000000000000ANTONIA CASA E CAFE EIRELI - M                                      CP000139
10205539814000112041300648601        CLEAN AMBIENTAL          00014831            109000148311             I06030118000001483100014831            03011800000000816863416006115000000000016600000000000000000000000000000000000000000000000000000000000000000000000008152000000000000000000000000000   03011800000000000000000000000DI CALAFIORI GALERIA CAFE & PR                                      Q0000140
10205539814000112041300648601        CLEAN AMBIENTAL          00014881            109000148816             I06030118000001488100014881            27121700000000267461041327615000000000016600000000000000000000000000000000000000000000000000000000000000000000000002658000000000000000000000000000   03011800000000000000000000000YAKI MIX RESTAURANTE LTDA - ME                                      B3000141
10205539814000112041300648601        CLEAN AMBIENTAL          00014954            109000149541             I06030118000001495400014954            03011800000001298972373060115000000000016600000000000000000000000000000000000000000000000000000000000000500000000012923100000000000000000000000000   03011800000000000000000000000CONDOMINIO BANGU OFFICES TORRE                                      B3000142
10205539814000112041300648601        CLEAN AMBIENTAL          00014955            109000149558             I06030118000001495500014955            03011800000001293972373060115000000000016600000000000000000000000000000000000000000000000000000000000000000000000012923100000000000000000000000000   03011800000000000000000000000CONDOMINIO BANGU OFFICES TORRE                                      B3000143
10205539814000112041300648601        CLEAN AMBIENTAL          00015017            109000150176             I06030118000001501700015017            28121700000000143953410408515000000000016600000000000000000000000000000000000000000000000000000000000000000000000001451100000000002820000000000000   03011800000000000000000000000BAR E RESTAURANTE PETISCO DA B                                      CP000144
10205539814000112041300648601        CLEAN AMBIENTAL          00015027            109000150275             I06030118000001502700015027            28121700000000336840011769915000000000016600000000000000000000000000000000000000000000000000000000000000000000000003407400000000005560000000000000   03011800000000000000000000000CONDOMINIO DO EDIFICIO SATURNI                                      B3000145
10205539814000112041300648601        CLEAN AMBIENTAL          00015071            109000150713             I06030118000001507100015071            29121700000001014683418865815000000000016600000000000000000000000000000000000000000000000000000000000000000000000010297700000000016750000000000000   03011800000000000000000000000OS LOCA RESTAURANTE E BAR LTDA                                      CK000146
10205539814000112041300648601        CLEAN AMBIENTAL          00015094            109000150945             I06030118000001509400015094            29121700000000531240011253415000000000016600000000000000000000000000000000000000000000000000000000000000000000000005383300000000008750000000000000   03011800000000000000000000000JPR 47 HORTIFRUTI LTDA - EPP                                        B6000147
10205539814000112041300648601        CLEAN AMBIENTAL          00015250            109000152503             I06030118000001525000015250            30121700000000143951040205515000000000016600000000000000000000000000000000000000000000000000000000000000000000000001437200000000001430000000000000   03011800000000000000000000000IMOBILIARIA BONSUCESSO LTDA -                                       B5000148
10205539814000112041300648601        CLEAN AMBIENTAL          00015251            109000152511             I06030118000001525100015251            30121700000000283951040205515000000000016600000000000000000000000000000000000000000000000000000000000000000000000002851000000000002810000000000000   03011800000000000000000000000CONDOMINIO DO EDIFICIO NACOES                                       B5000149
10205539814000112041300648601        CLEAN AMBIENTAL          00015273            109000152735             I06030118000001527300015273            01011800000000396580330977915000000000016600000000000000000000000000000000000000000000000000000000000000000000000003975400000000002620000000000000   03011800000000000000000000000PADARIA E PANIFICACAO TIJUCA E                                      B3000150
10205539814000112041300648601        CLEAN AMBIENTAL          00015313            109000153139             I06030118000001531300015313            01011800000000532433417181115000000000016600000000000000000000000000000000000000000000000000000000000000000000000005342900000000003520000000000000   03011800000000000000000000000BAKERY CONFEITARIA E PIZZARIA                                       CP000151
10205539814000112041300648601        CLEAN AMBIENTAL          00015367            109000153675             I06030118000001536700015367            01011800000000442891041411815000000000016600000000000000000000000000000000000000000000000000000000000000000000000004426900000000001460000000000000   03011800000000000000000000000NATURALESKA LTDA - ME                                               B2000152
10205539814000112041300648601        CLEAN AMBIENTAL          00015371            109000153717             I06030118000001537100015371            01011800000000333421040175015000000000016600000000000000000000000000000000000000000000000000000000000000000000000003328600000000001100000000000000   03011800000000000000000000000REAL CWC LANCHES LTDA - ME                                          B3000153
10205539814000112041300648601        CLEAN AMBIENTAL          00015379            109000153790             I06030118000001537900015379            01011800000000515001040205515000000000016600000000000000000000000000000000000000000000000000000000000000000000000005150400000000001700000000000000   03011800000000000000000000000CONDOMINIO DO EDIFICIO COMERCI                                      B5000154
10205539814000112041300648601        CLEAN AMBIENTAL          00015419            109000154194             I06030118000001541900015419            02011800000000178683419218915000000000016600000000000000000000000000000000000000000000000000000000000000000000000001776100000000000590000000000000   03011800000000000000000000000MARZANO E POTT GASTRONOMIA LTD                                      CP000155
10205539814000112041300648601        CLEAN AMBIENTAL          00015465            109000154657             I06030118000001546500015465            02011800000000170792371400115000000000016600000000000000000000000000000000000000000000000000000000000000000000000001696900000000000560000000000000   03011800000000000000000000000NTZ COMERCIO DE ALIMENTOS - EI                                      B3000156
10205539814000112041300648601        CLEAN AMBIENTAL          00015477            109000154772             I06030118000001547700015477            02011800000000352373410532215000000000016600000000000000000000000000000000000000000000000000000000000000000000000003518700000000001160000000000000   03011800000000000000000000000BALLET DALAL ACHCAR LTDA - EPP                                      CP000157
10205539814000112041300648601        CLEAN AMBIENTAL          00015487            109000154871             I06030118000001548700015487            03011800000000648373418561315000000000016600000000000000000000000000000000000000000000000000000000000000000000000006467100000000000000000000000000   03011800000000000000000000000MR FESTAS LTDA                                                      CP000158
10205539814000112041300648601        CLEAN AMBIENTAL          00015488            109000154889             I06030118000001548800015488            03011800000001241590014820715000000000016600000000000000000000000000000000000000000000000000000000000000000000000012399300000000000000000000000000   03011800000000000000000000000CASA DE REPOUSO PARA IDOSOS AM                                      B1000159
10205539814000112041300648601        CLEAN AMBIENTAL          00015489            109000154897             I06030118000001548900015489            03011800000000251597564327315000000000016600000000000000000000000000000000000000000000000000000000000000000000000002499300000000000000000000000000   03011800000000000000000000000HEARTS AND MINDS COM. E INDUST                                      B3000160
10205539814000112041300648601        CLEAN AMBIENTAL          00015496            109000154962             I06030118000001549600015496            03011800000000741930333451215000000000016600000000000000000000000000000000000000000000000000000000000000000000000007402700000000000000000000000000   03011800000000000000000000000RESTAURANTE O AMIGAO LTDA                                           B7000161
10205539814000112041300648601        CLEAN AMBIENTAL          00015504            109000155043             I06030118000001550400015504            03011800000000564163410409315000000000016600000000000000000000000000000000000000000000000000000000000000000000000005625000000000000000000000000000   03011800000000000000000000000BISCUIT DOCES E SALGADOS LTDA                                       CP000162
10205539814000112041300648601        CLEAN AMBIENTAL          00015507            109000155076             I06030118000001550700015507            03011800000000576053411595815000000000016600000000000000000000000000000000000000000000000000000000000000000000000005743900000000000000000000000000   03011800000000000000000000000FRUTALHA 2003 COMERCIO DE FRUT                                      CP000163
10205539814000112041300648601        CLEAN AMBIENTAL          00015513            109000155134             I06030118000001551300015513            03011800000000487623410308715000000000016600000000000000000000000000000000000000000000000000000000000000000000000004859600000000000000000000000000   03011800000000000000000000000ESCOLA INTEGRADA BEM VIVER LTD                                      Q0000164
10205539814000112041300648601        CLEAN AMBIENTAL          00015524            109000155241             I06030118000001552400015524            03011800000002862960331673315000000000016600000000000000000000000000000000000000000000000000000000000000000000000028613000000000000000000000000000   03011800000000000000000000000PANIFICACAO APOLO LTDA                                              B3000165
10205539814000112041300648601        CLEAN AMBIENTAL          00015526            109000155266             I06030118000001552600015526            03011800000000274471041326815000000000016600000000000000000000000000000000000000000000000000000000000000000000000002728100000000000000000000000000   03011800000000000000000000000AL LIBAN LANCHONETE LTDA - ME                                       B5000166
10205539814000112041300648601        CLEAN AMBIENTAL          00015530            109000155308             I06030118000001553000015530            03011800000000341051040544715000000000016600000000000000000000000000000000000000000000000000000000000000000000000003393900000000000000000000000000   03011800000000000000000000000MARTINS DO IRAJA FRUTAS LTDA -                                      B5000167
10205539814000112041300648601        CLEAN AMBIENTAL          00015537            109000155373             I06030118000001553700015537            03011800000001693403410541315000000000016600000000000000000000000000000000000000000000000000000000000000000000000016917400000000000000000000000000   03011800000000000000000000000INDOCHINE RESTAURANTE LTDA - M                                      CP000168
10205539814000112041300648601        CLEAN AMBIENTAL          00015548            109000155480             I06030118000001554800015548            03011800000000470262370135415000000000016600000000000000000000000000000000000000000000000000000000000000000000000004686000000000000000000000000000   03011800000000000000000000000CONDOMINIO DO EDIFICIO FRANCIL                                      B7000169
10205539814000112041300648601        CLEAN AMBIENTAL          00015550            109000155506             I06030118000001555000015550            03011800000000236580333367015000000000016600000000000000000000000000000000000000000000000000000000000000000000000002349200000000000000000000000000   03011800000000000000000000000SERAPIAO BAR CULTURAL LTDA - E                                      B3000170
10205539814000112041300648601        CLEAN AMBIENTAL          00015555            109000155555             I06030118000001555500015555            03011800000000205843411526315000000000016600000000000000000000000000000000000000000000000000000000000000000000000002041800000000000000000000000000   03011800000000000000000000000PADARIA E CONF CENTRAL DE MARE                                      CP000171
10205539814000112041300648601        CLEAN AMBIENTAL          00015560            109000155605             I06030118000001556000015560            03011800000000105260331670915000000000016600000000000000000000000000000000000000000000000000000000000000000000000001036000000000000000000000000000   03011800000000000000000000000SABOR DO MAGARCA RESTAURANTE E                                      B2000172
10205539814000112041300648601        CLEAN AMBIENTAL          00015561            109000155613             I06030118000001556100015561            03011800000000286050334467715000000000016600000000000000000000000000000000000000000000000000000000000000000000000002843900000000000000000000000000   03011800000000000000000000000LANCHONETE MEU CANTAO LTDA - E                                      B1000173
10205539814000112041300648601        CLEAN AMBIENTAL          00015564            109000155647             I06030118000001556400015564            03011800000000478683419926715000000000016600000000000000000000000000000000000000000000000000000000000000000000000004770200000000000000000000000000   03011800000000000000000000000CONDOMINIO DO EDIFICIO COMERCI                                      CP000174
10205539814000112041300648601        CLEAN AMBIENTAL          00015579            109000155795             I06030118000001557900015579            03011800000000308793419926715000000000016600000000000000000000000000000000000000000000000000000000000000000000000003071300000000000000000000000000   03011800000000000000000000000T & S COMERCIO DE PRODUTOS ALI                                      CP000175
10205539814000112041300648601        CLEAN AMBIENTAL          00015608            109000156082             I06030118000001560800015608            04011800000000416160334104615000000000016600000000000000000000000000000000000000000000000000000000000000000000000004145000000000000000000000000000   03011800000000000000000000000LANCHES OPUS LTDA                                                   B3000176
10205539814000112041300648601        CLEAN AMBIENTAL          00015610            109000156108             I06030118000001561000015610            04011800000000491321040625415000000000016600000000000000000000000000000000000000000000000000000000000000000000000004896600000000000000000000000000   03011800000000000000000000000ASSOCIACAO MACROBIOTICA DO EST                                      B1000177
10205539814000112041300648601        CLEAN AMBIENTAL          00015619            109000156199             I06030118000001561900015619            04011800000000141840333381115000000000016600000000000000000000000000000000000000000000000000000000000000000000000001401800000000000000000000000000   03011800000000000000000000000VISTA VERDE E FLORES                                                B2000178
10205539814000112041300648601        CLEAN AMBIENTAL          00015636            109000156363             I06030118000001563600015636            04011800000000194473410496015000000000016600000000000000000000000000000000000000000000000000000000000000000000000001928100000000000000000000000000   03011800000000000000000000000TRATORIA SPERANZA LTDA - ME                                         CP000179
10205539814000112041300648601        CLEAN AMBIENTAL          00015701            109000157015             I06030118000001570100015701            10011800000000178310331528915000000000016600000000000000000000000000000000000000000000000000000000000000000000000001766500000000000000000000000000   03011800000000000000000000000LANCHONETE E PASTELARIA DRAGAO                                      B3000180
10205539814000112041300648601        CLEAN AMBIENTAL          00015828            109000158286             I06030118000001582800015828            06011800000000283952377097915000000000016600000000000000000000000000000000000000000000000000000000000000000000000002822900000000000000000000000000   03011800000000000000000000000IGREJA BATISTA DE BARAO DA TAQ                                      B1000181
10205539814000112041300648601        CLEAN AMBIENTAL          00015854            109000158542             I06030118000001585400015854            06011800000000289213419926715000000000016600000000000000000000000000000000000000000000000000000000000000000000000002875500000000000000000000000000   03011800000000000000000000000CONDOMINIO DO EDIFICIO INSIDE                                       CP000182
10205539814000112041300648601        CLEAN AMBIENTAL          00015931            109000159318             I06030118000001593100015931            07011800000000241840334691215000000000016600000000000000000000000000000000000000000000000000000000000000000000000002401800000000000000000000000000   03011800000000000000000000000DELICIAS DE COPA COMERCIO DE D                                      B3000183
10205539814000112041300648601                                 00015972            109000159722             I06030118          00015972            000000000000001354023718523  000000000016600000000000000000000000000000000000000000000000000000000000000000000000001337400000000000000000000000000   03011800000000000000000000000                                                                    B1000184
10205539814000112041300648601                                 00015991            109000159912             I06030118          00015991            000000000000013564723710751  000000000016600000000000000000000000000000000000000000000000000000000000000000000000013548100000000000000000000000000   03011800000000000000000000000                                                                    B3000185
10205539814000112041300648601                                 00016122            109000161223             I06030118          00016122            000000000000014244023710751  000000000016600000000000000000000000000000000000000000000000000000000000000000000000014227400000000000000000000000000   03011800000000000000000000000                                                                    B3000186
10205539814000112041300648601        CLEAN AMBIENTAL          00003859            109000038595             I09030118000000385900003859            09111700000000421053417788315000000000016600000000000000000000000000000000000000000000000000000000000000000000000000016600000000000000000000000000         00000000000000000000000JK COMERCIO DE ALIMENTOS LTDA                                         000187
10205539814000112041300648601        CLEAN AMBIENTAL          00005299            109000052992             I09030118000000529900005299            09111700000000672373417788315000000000016600000000000000000000000000000000000000000000000000000000000000000000000000016600000000000000000000000000         00000000000000000000000IMPERIO DA BRASA EIRELI - ME                                          000188
10205539814000112041300648601        CLEAN AMBIENTAL          00005873            109000058734             I09030118000000587300005873            09111700000000387283417788315000000000016600000000000000000000000000000000000000000000000000000000000000000000000000016600000000000000000000000000         00000000000000000000000CONDOMINIO ROSSI MULTI BUSINES                                        000189
10205539814000112041300648601        CLEAN AMBIENTAL          00007850            109000078500             I09030118000000785000007850            09111700000000373533417788315000000000016600000000000000000000000000000000000000000000000000000000000000000000000000016600000000000000000000000000         00000000000000000000000RESTAURANTE ACHILLES LTDA - ME                                        000190
10205539814000112041300648601        CLEAN AMBIENTAL          00007868            109000078682             I09030118000000786800007868            09111700000000151523417788315000000000016600000000000000000000000000000000000000000000000000000000000000000000000000016600000000000000000000000000         00000000000000000000000BAR COMERCIAL ESPERANCA DE SAO                                        000191
10205539814000112041300648601        CLEAN AMBIENTAL          00008314            109000083146             I09030118000000831400008314            09111700000000270263417788315000000000016600000000000000000000000000000000000000000000000000000000000000000000000000016600000000000000000000000000         00000000000000000000000BEACH BACKPACKERS HOSTEL LTDA                                         000192
10205539814000112041300648601        CLEAN AMBIENTAL          00008340            109000083401             I09030118000000834000008340            09111700000000235003417788315000000000016600000000000000000000000000000000000000000000000000000000000000000000000000016600000000000000000000000000         00000000000000000000000BAR PAISAGEM DA CIDADE LTDA -                                         000193
10205539814000112041300648601        CLEAN AMBIENTAL          00008358            109000083583             I09030118000000835800008358            09111700000000164473417788315000000000016600000000000000000000000000000000000000000000000000000000000000000000000000016600000000000000000000000000         00000000000000000000000MS REFEICOES E LANCHONETE EIRE                                        000194
10205539814000112041300648601        CLEAN AMBIENTAL          00008375            109000083757             I09030118000000837500008375            09111700000000186583417788315000000000016600000000000000000000000000000000000000000000000000000000000000000000000000016600000000000000000000000000         00000000000000000000000RESTAURANTE PEDRA VIVA LTDA -                                         000195
10205539814000112041300648601        CLEAN AMBIENTAL          00008377            109000083773             I09030118000000837700008377            09111700000000128163417788315000000000016600000000000000000000000000000000000000000000000000000000000000000000000000016600000000000000000000000000         00000000000000000000000EMPORIO SANTA OLIVA EIRELI                                            000196
10205539814000112041300648601        CLEAN AMBIENTAL          00015925            109000159250             I03030118000001592500015925            12011800000000372583410000015000000000000000000000000000000000000000000000000000000000000000000000000000000000000000000000000000000000000000000000         00000000000000000000000IPAPORANGA PANIFICACAO E LANCH                       11110000         000197
10205539814000112041300648601                                 15658959            157156589598             I02030118093466.1  15658959            040118000000001163234128977  000000000000000000000000000000000000000000000000000000000000000000000000000000000000000000000000000000000000000000000         00000000000000000000000MANDALA MERCADO DO CENTRO LTDA                                        000198
10205539814000112041300648601                                 15665343            157156653436             I02030118091603    15665343            040118000000007060534128977  000000000000000000000000000000000000000000000000000000000000000000000000000000000000000000000000000000000000000000000         00000000000000000000000ASSOCIACAO EDUCACIONAL MACHADO                                        000199
10205539814000112041300648601                                 15671823            157156718239             I02030118085410.1  15671823            030118000000005785634128977  000000000000000000000000000000000000000000000000000000000000000000000000000000000000000000000000000000000000000000000         00000000000000000000000DENSIDADE CATETE BAR E LANCHON                                        000200
10205539814000112041300648601                                 15672367            157156723676             I02030118085410.2  15672367            080118000000005750534128977  000000000000000000000000000000000000000000000000000000000000000000000000000000000000000000000000000000000000000000000         00000000000000000000000DENSIDADE CATETE BAR E LANCHON                                        000201
10205539814000112041300648601                                 15699995            157156999953             I02030118045501.01 15699995            040118000000010021134128977  000000000000000000000000000000000000000000000000000000000000000000000000000000000000000000000000000000000000000000000         00000000000000000000000ROYALTY INN BUSINESS HOTELARIA                                        000202
10205539814000112041300648601                                 15728079            157157280791             I02030118097466.01 15728079            080118000000001696834128977  000000000000000000000000000000000000000000000000000000000000000000000000000000000000000000000000000000000000000000000         00000000000000000000000LICEU LITERARIO PORTUGUES                                             000203
10205539814000112041300648601                                 15739955            157157399559             I02030118093263.1  15739955            050118000000001157934128977  000000000000000000000000000000000000000000000000000000000000000000000000000000000000000000000000000000000000000000000         00000000000000000000000MERLON - LANCHONETE E PASTELAR                                        000204
10205539814000112041300648601                                 15753185            157157531854             I02030118096645.1  15753185            050118000000001389534128977  000000000000000000000000000000000000000000000000000000000000000000000000000000000000000000000000000000000000000000000         00000000000000000000000FORNO CARIOCA PRODUTOS ALIMENT                                        000205
10205539814000112041300648601                                 15753740            157157537406             I02030118096645.2  15753740            050118000000001326334128977  000000000000000000000000000000000000000000000000000000000000000000000000000000000000000000000000000000000000000000000         00000000000000000000000FORNO CARIOCA PRODUTOS ALIMENT                                        000206
10205539814000112041300648601                                 15758283            157157582832             I02030118045501.2  15758283            040118000000011273734128977  000000000000000000000000000000000000000000000000000000000000000000000000000000000000000000000000000000000000000000000         00000000000000000000000ROYALTY INN BUSINESS HOTELARIA                                        000207
10205539814000112041300648601                                 12239132            157122391327             I06030118033991.4  12239132            301217000000005557434131443  000000000000000000000000000000000000000000000000000000000000000000000000000000000000005630600000000007320000000000000   03011800000000000000000000000INSTITUTO DE PESQUISA E ENS. M                                      CK000208
10205539814000112041300648601                                 13019763            157130197633             I06030118096371    13019763            030118000000001473775643026  000000000000000000000000000000000000000000000000000000000000000000000000000000000000001473700000000000000000000000000   03011800000000000000000000000SINDICATO DOS CORRETORES E EMP                                      B1000209
10205539814000112041300648601                                 15671823            157156718239             I06030118085410.1  15671823            030118000000005785634191603  000000000000000000000000000000000000000000000000000000000000000000000000000000000000005785600000000000000000000000000   03011800000000000000000000000DENSIDADE CATETE BAR E LANCHON                                      CP000210
10205539814000112041300648601                                 15699995            157156999953             I06030118045501.01 15699995            040118000000010021103331534  000000000000000000000000000000000000000000000000000000000000000000000000000000000000010021100000000000000000000000000   03011800000000000000000000000ROYALTY INN BUSINESS HOTELARIA                                      B3000211
10205539814000112041300648601                                 15758283            157157582832             I06030118045501.2  15758283            040118000000011273703331534  000000000000000000000000000000000000000000000000000000000000000000000000000000000000011273700000000000000000000000000   03011800000000000000000000000ROYALTY INN BUSINESS HOTELARIA                                      B3000212
10205539814000112041300648601                                 05368727            157053687271             I09030118081359/13 05368727            091117000000008420234177883  000000000000000000000000000000000000000000000000000000000000000000000000000000000000000000000000000000000000000000000         00000000000000000000000GALF COMERCIO DE ALIMENTOS LTD                                        000213
10205539814000112041300648601                                 93279137            157932791377             I0903011808573707  93279137            091117000000004210534177883  000000000000000000000000000000000000000000000000000000000000000000000000000000000000000000000000000000000000000000000         00000000000000000000000JK COMERCIO DE ALIMENTOS LTDA                                         000214
9201341          000000000000000000000000000000          000000000000000000000000000000                                                  000000000000000000000000000000          0000259300000151886299  03/01S018230000021300000009773652                                                                                                                                                                000215
