01REMESSA01COBRANCA       041300648601        CLEAN AMBIENTAL               341BANCO ITAU SA  110221                                                                                                                                                                                                                                                                                                      000001
10205539814000112041300648601    0000CLEAN AMBIENTAL          003183900000000000000109                     I01000031839020032100000000502343410000008A110221665800000000000170000000000000000000000000000000000000000000000235084845000197TORRES & AMORES RESTAURANTE E           Praça Santos Dumont 120                 Gávea       22470060Rio de Janeiro RJ                                  00000090 000002
9                                                                                                                                                                                                                                                                                                                                                                                                         000003
